2373 3700
199 253 256 305 [ὖ]
701 266 777 293 Ans
807 266 1024 293 Mfflnmcus
1054 266 1493 297 KLOS'rl-:n1211=L10T111⁴2K.
1926 263 2004 301 185

199 411 378 461 Katalog,
411 413 556 450 sowohl
589 413 629 450 in
659 413 749 451 dem
781 413 984 452 Colmarer
1014 415 1088 453 wie
1118 415 1158 452 in
1189 415 1279 453 dem
1310 416 1586 456 Dal-mstadter
1617 419 1768 469 Kodex‚
1810 421 1861 459 ist
1889 423 2004 461 aller-

196 482 315 531 dings
344 483 384 520 in
415 482 564 520 diesem
597 483 760 521 letztern
792 485 996 522 stilistisch
1027 485 1138 522 einer
1168 486 1275 524 Feile
1305 491 1546 538 unterzogen
1577 491 1753 529 worden.
1799 492 2000 531 Gedruckt

198 553 248 590 ist
277 565 321 591 er
351 553 451 590 nach
481 553 843 593 Psannenschmids
873 555 1071 593 Kollntion
1101 555 1163 593 bei
1195 556 1299 594 Kra
1318 570 1341 595 u
1362 570 1394 605 5,
1446 558 1576 597 Kunst
1606 561 1686 598 und
1719 561 1917 600 Altertum
1949 564 2001 601 im

197 623 344 670 Elsass,
378 624 616 673 Strasshurg
645 624 762 662 1884.
797 626 847 674 ΙΙ,
881 639 917 676 p.
951 625 1028 662 478
1060 626 1114 675 fg.
1159 627 1228 664 Ich
1268 628 1366 677 gehe
1407 629 1494 667 hier
1533 631 1669 669 seincn
1700 633 1862 683 Ansang
1902 636 2002 673 nach

194 693 272 731 den
302 694 490 732 Lesarten
523 696 591 732 des
622 696 826 734 (jolinarer
857 696 1131 747 Manuskripts
1161 698 1241 748 (C),
1290 700 1381 748 stige
1421 699 1563 749 jedoch
1595 702 1658 740 die
1688 703 1902 743 variamen
1934 706 2002 744 des

195 763 472 802 Darmstiidter
502 765 581 816 (B),
613 766 837 815 abgeschen
868 780 941 804 von
973 768 1050 805 den
1081 769 1467 819 orthographischen
1497 783 1562 818 an,
1596 785 1668 810 aus
1699 774 1907 824 Gfflnden,
1940 777 2004 815 die

197 834 261 872 ich
292 835 419 884 gleich
451 837 689 875 entwickeln
725 838 869 876 werde.
905 840 955 876 Er
986 839 1132 876 luutet:

516 925 752 962 Reuerendo
791 925 902 963 valde
943 926 1131 975 omnique
1172 926 1321 964 honore
1359 926 1594 976 dignissimo
1630 929 1788 970 domino
1819 934 2004 984 patrique

405 994 681 1033 Bartholomeo
711 995 842 1033 abbati
876 996 1135 1041 Morhacensi,
1169 997 1292 1034 frater
1321 997 1604 1047 Sigismundus
1634 1005 1762 1039 vestre
1792 1003 2003 1043 dilectione

404 1064 448 1114 [Ι.
473 1065 690 1116 dilectioni]
711 1066 878 1104 deuotus
900 1067 1054 1105 sincere
1074 1067 1249 1105 caritatis
1270 1073 1457 1106 conatum
1481 1070 1528 1108 ad
1559 1071 1604 1122 [l.
1629 1071 1689 1123 ac]
1713 1073 2000 1113 obedienciam.

405 1146 496 1171 cuin
540 1139 577 1173 tc
613 1136 750 1183 sciam,
795 1137 967 1174 virorum
1008 1137 1170 1187 optime,
1215 1149 1283 1187 pro
1326 1142 1393 1176 tua
1436 1139 1630 1189 singulari
1672 1141 1870 1181 industria
1924 1146 2002 1184 iarn

363 1207 378 1231 5
407 1204 560 1242 dudum
600 1219 761 1256 operam
804 1207 962 1246 dedisse
1005 1221 1210 1257 magnam,
1256 1222 1333 1259 quai
1375 1210 1436 1248 via
1466 1212 1646 1250 omniurn
1678 1214 2003 1263 predecessorum

408 1280 567 1314 tuorum
611 1279 856 1317 monimenta
902 1292 951 1317 ne
996 1280 1193 1330 perditum
1242 1280 1365 1329 irent,
1418 1282 1570 1332 possint
1612 1284 1658 1320 ad
1706 1285 2003 1325 restitucionem

406 1346 562 1395 deduci,
608 1352 648 1386 ut
689 1349 965 1398 investigares,
1016 1351 1147 1399 credo,
1189 1356 1233 1389 ut
1272 1353 1430 1403 assequi
1476 1354 1516 1391 in
1558 1359 1637 1392 tam
1676 1356 1861 1394 laudabili
1892 1363 2005 1408 cepto

406 1418 527 1456 tinem
558 1420 698 1469 possis,
733 1433 795 1458 1110
825 1434 983 1471 quoque
1014 1434 1093 1461 non
1136 1423 1310 1461 defuisse
1354 1425 1570 1472 voluntate,
1604 1427 1757 1465 utinam
1788 1433 1827 1466 et
1856 1430 2000 1467 fructu.

404 1488 584 1528 Profecto
628 1505 765 1529 verum
808 1494 961 1544 experti
1005 1506 1159 1539 sumus,
1202 1495 1304 1544 quod
1348 1500 1523 1534 vetustas
1567 1499 1700 1536 omnia
1744 1500 2001 1547 consummit,

345 1563 377 1587 10
407 1571 449 1597 ac
491 1561 595 1599 tinea
640 1563 889 1613 antiquitatis
935 1564 1091 1602 conticit
1138 1565 1332 1614 vniversa,
1380 1566 1499 1616 idque
1541 1567 1649 1605 licuit
1697 1569 1832 1606 videre
1870 1570 1910 1608 in
1949 1574 2005 1607 tot

403 1631 604 1670 codicibus
635 1647 779 1684 magna
809 1648 903 1673 cura
947 1640 985 1673 et
1026 1636 1185 1685 ingenio
1229 1640 1389 1686 patrum
1434 1638 1474 1675 in
1518 1638 1600 1676 loco
1644 1639 1708 1677 illo
1752 1641 2004 1678 sanctissimo

572 1754 842 1789 Ueberschrift:
882 1755 1053 1799 Epistola
1088 1756 1132 1790 de
1160 1757 1329 1800 Tapecijs
1366 1758 1402 1791 in
1440 1760 1668 1794 monasterio
1705 1761 1937 1795 Morbacensi
1978 1761 2004 1796 C

477 1809 706 1854 Sigismundi
733 1811 901 1855 Epistola
929 1811 973 1845 de
1000 1812 1150 1856 tapetiis
1179 1813 1344 1856 antiquis
1372 1817 1407 1848 et
1442 1815 1547 1850 libris
1588 1816 1672 1850 Mss.
1701 1817 1738 1850 111
1776 1819 2003 1853 monasterio

477 1865 708 1900 Morbacensi
737 1867 827 1901 olim
854 1868 1069 1902 extantibus
1096 1869 1137 1902 B.
1189 1869 1225 1902 Z.
1257 1871 1278 1904 2
1298 1870 1589 1906 Bartholomaeo
1633 1874 1832 1907 confrater.
1885 1875 1916 1908 3.
1945 1874 2007 1907 Di-

476 1920 638 1958 lectioni.
667 1927 817 1958 sanctae
843 1924 1021 1958 caritatis.
1073 1926 1093 1958 ᾧ
1119 1936 1185 1968 per
1211 1925 1460 1960 decessorum.
1514 1930 1532 1962 7
1561 1932 1602 1961 111
1623 1929 1868 1974 investigares
1896 1929 2006 1964 credo

475 1977 576 2012 fehlt.
627 1979 665 2012 in
692 1983 767 2013 tam
794 1980 974 2014 laudabili
1000 1984 1131 2025 coepto
1168 1982 1278 2015 finem
1305 1984 1463 2026 assequi.
1540 1986 1562 2018 8
1589 1986 1684 2019 nach
1711 1986 1854 2020 fructu:
1895 1986 2006 2020 credo

474 2044 548 2067 11011
600 2035 762 2079 ignoras.
862 2039 882 2067 §9
934 2048 1063 2070 verum
1116 2038 1294 2081 profecto
1379 2051 1493 2082 quam
1549 2044 1726 2076 vetustas.
1807 2043 2004 2078 consumit.

189 2183 263 2217 1101·
289 2184 513 2219 litterarium
539 2186 577 2219 111
603 2186 786 2221 Alsatiam
812 2189 848 2221 et
873 2186 1158 2232 Lotharingiam
1184 2187 1392 2234 (Ouvrages
1418 2190 1638 2234 posthumes
1665 2191 1710 2225 de
1735 2192 1775 2225 D.
1803 2192 1894 2227 Jean
1922 2192 1998 2226 Ma—

190 2236 310 2272 billon
337 2243 373 2274 et
397 2241 441 2275 de
468 2242 509 2276 D.
538 2242 681 2277 Thierri
709 2243 866 2277 Ruinart
894 2243 932 2276 T.
959 2242 1020 2277 111.
1048 2243 1153 2276 Paris
1180 2244 1267 2277 1724
1296 2256 1331 2288 p.
1353 2246 1432 2289 465),
1459 2246 1534 2280 und
1560 2247 1597 2280 in
1624 2247 1689 2281 der
1716 2248 1996 2283 franzosischen

192 2292 480 2342 Uebersetzung,
508 2309 581 2332 von
607 2299 743 2332 Matter
769 2299 990 2343 herausgeg.
1017 2310 1050 2332 u.
1079 2298 1113 2331 d.
1141 2299 1198 2333 T.:
1237 2300 1383 2345 Voyage
1410 2300 1591 2336 litteiaire
1618 2314 1662 2337 en
1688 2303 1829 2338 Alsace.
1870 2305 1997 2340 Sti-as-

193 2349 314 2396 bourg
344 2354 431 2388 182³
470 2366 504 2398 p.
535 2355 617 2397 120)
646 2358 781 2389 untern
809 2355 952 2390 andern
981 2353 1150 2388 «codices
1178 2355 1340 2399 optimae
1359 2360 1504 2401 notae»,
1533 2358 1669 2393 welche
1697 2371 1735 2393 er
1761 2361 1799 2394 in
1827 2361 2007 2396 Murbach

194 2406 391 2452 gefflnden,
419 2410 525 2443 einen
564 2411 784 2445 «Tractatus
821 2411 865 2445 de
904 2410 1086 2444 scrutinio
1124 2411 1397 2455 scripturarum
1433 2413 1616 2448 Johannis
1650 2415 1811 2449 Buchler
1849 2418 2007 2452 rectoris

194 2463 410 2497 scholarum
436 2464 475 2498 in
501 2465 680 2500 Morbach
707 2478 763 2501 an.
796 2467 895 2509 1456,
923 2476 997 2509 quo
1025 2468 1193 2510 tempore
1220 2467 1391 2502 floruisse
1419 2468 1543 2503 studia
1570 2470 1668 2513 apud
1695 2471 1912 2506 Morbacum
1937 2473 2006 2507 sub

191 2518 484 2554 Bartholomaeo
512 2521 556 2555 de
582 2521 727 2556 Andolo
755 2522 892 2557 abbate
918 2521 1139 2566 collegimus
1167 2533 1212 2555 ex
1231 2523 1345 2557 variis
1365 2523 1445 2557 cod.
1468 2536 1555 2559 mss.
1577 2536 1671 2568 quos
1698 2526 1776 2570 ipse
1802 2527 1914 2571 dedit,
1941 2530 2004 2562 aut

193 2574 417 2618 antiquitate
445 2577 603 2612 detritos
638 2589 812 2623 reparare
850 2577 1005 2621 curavit,
1041 2578 1096 2611 uti
1131 2589 1176 2611 ex
1211 2579 1281 2613 hac
1319 2579 1490 2614 clausula
1529 2581 1707 2615 discimus
1743 2594 1837 2625 quae
1873 2584 1910 2617 in
1950 2584 2006 2617 his

193 2630 366 2665 omnibus
401 2633 477 2667 fere
515 2633 672 2679 legitur:
718 2634 826 2669 Ονεηε
864 2634 1014 2677 [efflantes
1050 2644 1119 2676 pro
1153 2633 1279 2668 domno
1315 2635 1588 2670 Bar-tholomaeo
1623 2637 1664 2670 (le
1700 2637 1842 2672 Andolo
1880 2639 2006 2673 abbate

192 2684 425 2722 Morbacensz·
458 2689 562 2731 emus
589 2689 755 2732 jussione
790 2693 984 2733 reparatus
1019 2693 1070 2723 est
1109 2689 1199 2723 liber
1238 2691 1338 2724 iste.»
1384 2691 1517 2725 Diesen
1554 2692 1711 2726 Traktat
1749 2693 1813 2727 des
1844 2693 2006 2728 Buchler

193 2743 360 2776 erwahnt
385 2745 480 2778 auch
508 2744 666 2780 Gerbert
693 2745 782 2790 (lter
807 2745 1081 2780 alemannicum
1113 2745 1200 2779 1765
1235 2757 1269 2790 p.
1299 2747 1392 2788 358).
1444 2748 1509 2781 Die
1545 2748 1670 2782 Worte
1709 2750 1885 2784 Ruinarts
1923 2750 2006 2784 sind

192 2796 426 2842 abgedruckt
452 2800 511 2835 bei
532 2801 785 2846 Ziegelbauer,
826 2801 992 2835 Historia
1026 2801 1080 2835 rei
1115 2801 1321 2836 litterariae
1359 2802 1502 2837 ordinis
1539 2803 1575 2837 S.
1601 2804 1793 2838 Benedicti
1831 2805 1847 2838 I
1873 2817 1906 2849 p.
1935 2806 2004 2839 588

193 2853 318 2893 (1754).
338 2855 464 2890 Dieser
485 2857 642 2891 Traktat
661 2858 726 2892 hat
746 2857 835 2892 aber
853 2868 921 2902 gar
939 2857 1061 2890 nichts
1078 2857 1146 2890 mit
1163 2868 1314 2891 unserm
1332 2858 1517 2903 Kataloge
1536 2870 1582 2892 zu
1600 2860 1703 2902 thun,
1724 2871 1763 2893 er
1781 2860 2007 2905 beschaftigt

195 2908 274 2942 sich
301 2921 371 2944 nur
397 2913 462 2946 mit
489 2913 560 2947 den
588 2914 773 2948 Schriften
802 2914 866 2947 des
893 2913 1117 2957 spanischen
1144 2913 1314 2948 Bischofs
1355 2914 1494 2949 Paulus
1527 2926 1599 2949 von
1633 2916 1789 2960 Burgos.
1833 2917 1907 2951 Auf
1940 2917 2006 2951 der

196 2963 518 3002 Stadtbibliothek
544 2980 589 3002 zu
617 2969 769 3004 Colmar
797 2969 957 3003 befindet
983 2969 1062 3003 sich
1090 2970 1170 3003 eine
1197 2969 1440 3004 Handschrift
1478 2971 1516 3004 in
1553 2971 1657 3005 Folio
1687 2983 1771 3005 vom
1796 2973 1889 3007 Jahr
1917 2974 2006 3008 1⁴66

196 3019 317 3056 (Mser.
344 3022 406 3056 Nr.
434 3024 503 3066 46),
531 3025 646 3058 worin
672 3025 861 3059 ¹Iohannes
887 3025 1078 3068 Buchlers,
1106 3025 1170 3059 des
1209 3027 1343 3059 Hector
1377 3026 1591 3060 scholarum
1630 3028 1667 3061 111
1705 3027 1893 3068 Morbach,
1930 3029 2003 3062 Ab·

195 3076 327 3110 schrift
369 3078 434 3112 der
478 3079 728 3126 Abhandlung
773 3081 837 3115 des
879 3081 1030 3124 Paulus,
1073 3080 1229 3115 Bischof
1269 3092 1340 3115 von
1384 3082 1540 3127 Burgos,
1585 3083 1731 3118 betitelt
1774 3084 2004 3119 Scrutinium

195 3132 466 3176 scripturarum
494 3135 639 3178 (contra
656 3136 845 3180 Judaeos)‚
865 3136 1055 3171 euthalten
1081 3137 1141 3171 ist.
1170 3137 1312 3171 Buschs
1332 3138 1634 3183 Einwendungen
1653 3150 1770 3184 gegen
1789 3140 2006 3185 Sigismund

195 3187 251 3222 als
279 3189 486 3224 Verfassers
512 3202 665 3226 unseres
692 3192 875 3237 Katalogs
902 3204 933 3226 a.
961 3204 991 3226 a.
1021 3192 1061 3227 O.
1095 3192 1217 3227 haben
1257 3193 1355 3227 mich
1394 3194 1497 3228 nicht
1532 3195 1746 3239 iiberzeugt.
1791 3196 1910 3230 Ueber
1948 3195 2007 3229 dic

195 3243 337 3278 Person
364 3245 428 3279 des
456 3246 671 3291 Sigismund
697 3259 723 3282 s.
752 3248 919 3282 daselbst
944 3260 977 3293 p.
1006 3250 1074 3282 3155
1101 3249 1205 3283 Anm.
1241 3253 1264 3283 1.
