2373 3700
146 275 201 328 [ὃ]
445 287 522 313 zon
552 286 706 313 sx’N‘rAx
737 285 816 312 ωτι),
846 277 1224 312 memmoxossmze
1256 284 1299 310 [M
1331 284 1638 311 LATfflNJSCHEN.
1895 273 1941 311 51

678 467 713 518 1)
745 468 822 506 Das
853 467 1023 517 Suhjekt
1052 468 1103 505 ist
1130 468 1195 506 ein
1226 467 1413 506 Infinitiv.

256 579 295 624 α)
325 575 416 613 Sen.
450 575 540 613 ben.
573 575 612 623 2,
644 574 710 625 11,
742 575 767 611 5
794 587 937 625 parum
968 583 1023 613 est
1062 574 1229 621 dedisse,
1268 573 1441 624 fovenda
1480 582 1598 621 sunt‚·
1641 575 1754 614 Ovid.
1788 575 1878 613 fast.
1909 574 1949 622 2,

149 645 241 694 415,
273 646 364 684 Tac.
397 645 489 684 dial.
522 646 588 694 23,
620 646 724 684 Plin.
758 658 819 697 ep.
852 645 892 694 8,
923 645 962 694 6,
994 645 1059 693 14,
1093 646 1210 696 Cypr.
1244 645 1417 696 (Hartel)
1446 658 1485 696 p.
1517 644 1609 690 580,
1641 645 1707 690 10,
1741 645 1851 684 Hier.
1885 658 1948 696 ep.

149 717 189 765 3,
220 717 260 764 2,
294 716 406 767 Sulp.
441 716 530 756 Sev.
564 716 658 755 dial.
691 716 730 765 3,
761 716 800 764 3,
832 716 869 754 8.

258 786 296 839 β)
325 788 442 838 Cypr.
475 801 513 839 p.
548 786 640 834 683,
672 787 692 825 1
725 789 830 826 satis
858 800 936 826 non
966 786 1049 837 suit
1078 787 1129 826 ab
1160 787 1372 838 evanyelio
1401 789 1614 826 recessisse
1646 817 1654 825 .
1683 818 1688 825 .
1720 795 1837 837 ,post
1872 789 1949 826 ista

148 859 283 897 adhuc
312 860 479 909 insuper
508 858 672 897 audent.

346 984 386 1034 2)
418 984 496 1022 Das
522 983 689 1034 Subjekt
718 984 768 1021 ist
797 983 860 1022 ein
892 983 960 1021 mii
991 983 1112 1033 quod,
1144 983 1250 1034 quia,
1286 987 1327 1020 ut
1358 983 1628 1031 eingeleiteter
1656 982 1760 1022 Satz.

261 1089 300 1139 α)
330 1089 410 1127 Cic.
436 1088 540 1127 ses-t.
562 1088 614 1126 32
639 1101 835 1138 parumne
865 1096 936 1136 est,
970 1088 1080 1135 Piso,
1116 1117 1124 1126 .
1161 1118 1169 1125 .
1208 1118 1216 1126 .
1248 1087 1352 1137 quod
1383 1093 1537 1125 tantum
1568 1088 1740 1125 homines
1767 1086 1959 1138 fefellisti

201 1188 209 1196 .
246 1189 253 1195 .
287 1160 456 1196 etiamne
498 1158 652 1197 edicere
691 1158 844 1196 audeas
876 1189 884 1196 .
921 1188 928 1195 .
966 1160 1009 1194 ..⁹
1060 1157 1145 1194 Liv.
1178 1155 1244 1204 21,
1277 1155 1343 1205 44,
1378 1155 1417 1202 7,
1462 1155 1554 1194 Seu.
1599 1156 1715 1194 Rhet.
1749 1155 1884 1193 Contr.
1917 1155 1954 1199 7,

151 1228 173 1266 1
200 1228 298 1280 (16),
330 1228 369 1277 8,
402 1229 564 1280 Scriptt.
589 1229 640 1267 H.
666 1229 714 1266 A.
739 1228 929 1268 Gordiani
950 1228 1016 1275 13,
1048 1229 1167 1278 Cypr.
1201 1240 1238 1277 p.
1263 1226 1355 1276 359,
1387 1226 1452 1275 18,
1478 1226 1630 1277 Symm.
1662 1226 1701 1275 7,
1732 1225 1798 1274 27,
1819 1226 1959 1265 Ticho-

155 1299 247 1338 nius
291 1299 491 1350 (Gallandi
521 1299 628 1350 VIII)
674 1300 772 1348 Reg.
806 1298 829 1336 7
872 1312 909 1350 p.
944 1298 1034 1348 126,
1080 1299 1104 1336 2
1135 1298 1182 1346 Β,
1227 1298 1381 1336 Ennod.
1415 1298 1467 1335 50
1507 1298 1589 1349 (op.
1621 1297 1678 1347 2),
1710 1295 1775 1345 22,
1819 1297 1960 1335 Avitus

152 1370 330 1421 (Peiper)
360 1384 400 1421 p.
431 1370 496 1420 23,
528 1370 594 1420 11,
626 1370 803 1409 Cassiod.
836 1370 928 1408 Var.
960 1369 1001 1418 6,
1033 1369 1071 1408 7.

264 1439 302 1493 β)
332 1442 491 1480 Caesar.
524 1442 673 1479 Arelat.
720 1441 838 1491 (Bibl.
874 1442 976 1479 Max.
1010 1441 1121 1490 VIII)
1152 1441 1270 1479 Hom.
1303 1440 1354 1478 12
1385 1441 1411 1478 f.
1445 1440 1537 1487 832,
1569 1439 1589 1477 1
1623 1440 1652 1478 C
1690 1452 1768 1478 non
1797 1439 1959 1488 sufficit,

154 1512 259 1563 quod
292 1543 300 1550 .
337 1543 345 1551 .
384 1544 391 1551 .
425 1513 557 1552 adhuc
587 1514 755 1563 insuper
783 1520 1061 1552 revertuntur.

409 1634 450 1685 3)
481 1635 561 1673 Das
590 1634 759 1685 Subjekt
788 1635 839 1673 ist
867 1635 932 1673 ein
963 1634 1334 1685 konjunktivischer
1362 1634 1718 1683 Bedingungssatz.

266 1740 357 1778 Sen.
391 1741 521 1780 benef.
553 1742 592 1791 2,
623 1741 689 1791 12,
721 1743 745 1779 2
773 1753 917 1791 parum
946 1742 1160 1789 iudicavit,
1203 1742 1240 1779 si
1267 1749 1432 1780 senator
1461 1753 1584 1779 senex
1612 1740 1818 1778 submissis
1849 1740 1966 1778 hono-

157 1813 274 1852 ribus
306 1814 344 1851 in
377 1821 589 1863 conspectu
617 1815 850 1865 principum
879 1814 1050 1864 supplex
1077 1813 1159 1852 sibi
1187 1826 1229 1852 eo
1259 1825 1362 1851 more
1394 1813 1587 1850 iacuisset
1619 1824 1693 1861 quo
1720 1811 1850 1849 hostes
1869 1812 1966 1849 victi

160 1884 341 1923 hostibus
372 1886 559 1923 iacuere:
594 1887 750 1924 invenit
781 1885 942 1936 aliquid
970 1884 1085 1935 infra·
1113 1896 1262 1935 yenua,
1294 1897 1369 1934 quo
1401 1883 1627 1922 libertatem
1656 1883 1901 1921 detruderet.

267 2051 418 2090 Hieran
460 2052 677 2090 schliessen
716 2052 801 2090 sich
838 2052 903 2090 die
932 2051 1140 2102 Beispiele,
1187 2051 1227 2089 in
1266 2050 1448 2088 welchen
1481 2049 1544 2087 die
1573 2048 1812 2098 Steigerung
1841 2047 1969 2086 durch

160 2122 277 2161 einen
300 2122 679 2173 konjunktivischen
707 2122 780 2160 mit
799 2124 845 2160 ni
872 2122 968 2161 0⁴31·
995 2123 1079 2161 nisi
1106 2121 1385 2172 eingeleiteten
1410 2120 1500 2158 Satz
1522 2119 1693 2158 bewirkt
1720 2118 1852 2157 wirkt.
1884 2118 1968 2156 Von

161 2194 300 2232 diesen
343 2194 466 2232 sollen
513 2193 577 2232 die
617 2193 689 2232 der
733 2197 868 2232 ersten
899 2193 1038 2231 Klasse
1067 2192 1305 2242 vollstfindIg
1333 2191 1551 2241 angefnhrt
1581 2189 1758 2238 werden,
1802 2188 1864 2226 bei
1893 2187 1968 2225 den

164 2264 333 2315 iibrigen
363 2263 546 2314 begnfige
576 2263 639 2301 ich
669 2263 776 2302 mich
807 2263 880 2303 mit
909 2264 981 2303 der
1008 2263 1340 2312 Ausschl‘eibung
1364 2261 1406 2311 je
1436 2262 1546 2299 eines
1568 2260 1759 2311 Beispiels
1789 2259 1872 2298 und
1901 2258 1972 2296 der

162 2335 370 2385 Citierung
400 2335 471 2374 der
499 2335 668 2374 andern.

691 2441 732 2492 1)
764 2442 843 2480 Das
873 2441 1043 2491 Subjekt
1072 2442 1123 2479 ist
1150 2441 1215 2479 ein
1245 2440 1436 2478 Infinitiv.

276 2541 316 2590 α)
346 2539 446 2578 Veli.
470 2539 510 2587 2,
542 2539 608 2587 76,
641 2539 663 2578 4
691 2552 837 2590 parum
867 2539 1042 2578 habebat
1071 2551 1219 2578 summa
1249 2540 1451 2588 excepisse
1476 2567 1484 2575 .
1511 2568 1518 2574 .
1547 2567 1554 2575 .
1578 2536 1661 2574 nisi
1690 2536 1731 2572 in
1761 2534 1805 2572 id
1833 2545 1973 2572 ascen—

167 2612 306 2659 disset,
340 2625 358 2649 e
387 2624 462 2662 quo
493 2611 611 2663 infra
641 2625 681 2650 se
712 2619 748 2649 et
782 2612 997 2651 Caesarem
1038 2611 1191 2650 videret
1230 2619 1266 2650 et
1299 2623 1379 2649 rem
1408 2608 1638 2659 publicam3
1684 2607 1777 2645 Sen.
1810 2605 1900 2644 ben.
1932 2604 1971 2648 5,

168 2681 234 2730 16,
265 2681 281 2719 ‘l
317 2694 459 2731 parum
489 2690 547 2721 est
575 2682 642 2720 illi
671 2694 818 2731 capere
843 2683 1038 2731 patriam,
1070 2683 1154 2719 nisi
1182 2682 1368 2726 verterit,
1399 2680 1483 2717 nisi
1511 2677 1770 2727 Allobroqum
1800 2674 1975 2714 inillam

169 2756 351 2793 cohortes
372 2755 606 2801 immiserit;
638 2753 705 2791 Ps.
730 2754 848 2803 Cypr.
877 2767 915 2804 p.
933 2752 999 2801 16,
1031 2752 1083 2790 10
1101 2765 1245 2802 parum
1266 2751 1348 2790 sibi
1363 2758 1485 2801 putat
1506 2749 1780 2799 satisfactum,
1811 2749 1894 2785 nisi
1914 2778 1920 2784 .
1939 2778 1946 2785 .
1965 2777 1972 2784 .

171 2833 372 2876 quaeram
416 2826 523 2864 Lact.
555 2826 595 2872 ἴ),
628 2825 653 2863 9
680 2838 902 2875 parumque
941 2822 1088 2863 habent
1126 2826 1357 2874 interlicere
1396 2835 1492 2873 quos
1522 2821 1707 2867 oderunt,
1747 2819 1830 2857 ni'si
1859 2819 1975 2856 etiam

171 2897 401 2936 crudelitas
432 2897 671 2948 corporibus
702 2896 884 2943 illudam
929 2897 1105 2935 Hilarius
1136 2910 1170 2934 v.
1203 2896 1304 2934 Poit.
1338 2895 1433 2934 trin.
1465 2893 1505 2942 1,
1536 2892 1588 2930 29
1615 2904 1759 2941 parum
1788 2897 1845 2929 est
1879 2921 1884 2927 .
1922 2921 1929 2928 .

172 2967 261 3006 sola
291 2980 338 3006 ea
371 2999 379 3007 .
409 2999 415 3006 .
443 2999 450 3006 .
483 2969 628 3018 offerre
662 2999 669 3006 .
698 2999 705 3007 .
736 2999 744 3007 .
776 2970 860 3006 nisi
889 2969 1008 3006 etiam
1033 2968 1354 3018 propositionum
1391 2965 1655 3004 adversarum
1684 2963 1979 3000 demonstratae

175 3039 399 3077 inanitates
438 3039 553 3089 sidem
593 3046 771 3077 nostram
808 3069 816 3077 .
844 3070 852 3077 .
882 3071 888 3077 .
922 3038 1147 3088 affirment;
1187 3038 1265 3076 vita
1296 3035 1495 3086 Fulgentii
1525 3034 1649 3084 (Max.
1681 3033 1726 3071 B.
1759 3032 1830 3083 lx)
1861 3046 1895 3070 c.
1929 3031 1980 3069 20

171 3121 318 3160 parum
337 3107 420 3158 suit
443 3108 480 3147 b.
499 3109 720 3160 Fulycntio
747 3109 883 3149 verbis
906 3117 942 3148 et
962 3108 1152 3160 operibus
1173 3109 1279 3147 lianc
1301 3106 1563 3145 humilitatem
1585 3105 1699 3155 sequi
1717 3116 1767 3142 ac
1786 3105 1977 3149 retinere,

173 3182 258 3218 nisi
283 3192 357 3229 per
376 3182 622 3229 scripturam
642 3193 794 3232 quoque
814 3183 997 3232 firmaret
1015 3195 1027 3227 ;
1058 3180 1174 3228 Fulg.
1196 3179 1323 3229 Myth.
1346 3177 1386 3225 1,
1417 3176 1437 3215 ‘1
1461 3189 1603 3228 parum
1625 3183 1716 3214 erat
1732 3188 1811 3214 non
1833 3173 1981 3213 habere

174 3250 280 3300 quod
309 3249 469 3297 habuit,
513 3252 596 3290 nisi
625 3253 744 3289 etiam
780 3264 853 3290 nec
883 3258 985 3290 esset
1015 3252 1085 3301 qui
1113 3249 1314 3289 obtineret
1344 3247 1447 3298 quod
1475 3246 1671 3297 reliquit;
1715 3245 1813 3283 Vici.
1845 3244 1978 3282 Tunn.
