2373 3700
637 297 687 323 DE
716 294 938 322 ADIECTIVIS
969 293 1009 320 IN
1041 292 1229 319 -P-UNDUS
1258 291 1524 318 ExfflJNTlmsss.
1940 305 1961 315 .-

291 443 465 492 itemque
496 454 580 480 rem
611 454 652 478 se
682 441 734 478 ita
766 439 911 477 habere
940 438 1042 489 apud
1074 439 1424 476 Iuvenalem:

183 522 222 572 6,
252 522 331 559 5⁶25
366 522 510 559 Totum
543 521 654 570 reqis
684 531 834 569 agrum
869 518 987 555 nuda
1022 522 1057 555 et
1087 527 1359 555 Tnmffinuxm
1395 515 1579 553 cruentis

362 593 512 640 Erepet
542 589 736 640 qenibus.

966 756 1101 795 PARS
1140 757 1190 795 Π.

285 897 341 944 Si,
374 896 467 946 quid
500 899 652 933 veteres
681 892 930 943 grammatici
960 892 1008 930 (le
1039 892 1238 930 vocabulis
1269 892 1309 930 in
1349 892 1516 929 bundas
1560 891 1806 939 censuerint,
1847 890 1983 941 inqui-

179 967 320 1015 rimus,
367 966 433 1004 alii
475 978 519 1003 ea
564 978 585 1002 a
628 963 846 1015 participiis
891 963 1065 1001 derivata
1107 975 1192 1001 esse
1239 962 1396 1010 dicunt,
1443 962 1549 999 velut
1593 961 1814 1010 Charisius,
1865 960 1984 1011 (Keil)

177 1051 215 1088 p.
247 1036 340 1086 155,
371 1036 447 1074 30:
481 1036 694 1085 quaedamv
725 1035 905 1072 nomina
935 1033 1197 1072 descendunt
1233 1033 1284 1071 ab
1323 1033 1534 1070 adverbiis
1563 1054 1628 1079 ——,
1671 1032 1760 1069 alia
1789 1044 1813 1069 a
1840 1032 1983 1081 parti-

177 1107 315 1155 cipiis,
347 1111 392 1143 ut
423 1105 690 1143 ludibundus
729 1108 766 1142 et
808 1103 1114 1141 laudabundus
1156 1101 1318 1152 (quibus
1364 1101 1490 1139 isdem
1529 1101 1658 1139 verbis
1697 1101 1823 1138 utitur
1864 1101 1987 1151 epito-

176 1183 303 1215 mator
346 1176 529 1224 Charisii,
578 1175 663 1214 Keil
708 1188 749 1226 p.
777 1174 870 1218 535,
912 1173 979 1225 35)
1022 1178 1062 1212 et
1100 1172 1165 1222 49,
1208 1172 1262 1210 3:
1304 1173 1420 1211 Sunt
1464 1173 1592 1211 etiam
1637 1173 1832 1221 nomina,
1876 1185 1986 1222 quae

175 1247 300 1285 multi
331 1258 354 1283 a
384 1246 626 1295 participiis
665 1244 852 1294 figurata
893 1243 1217 1292 appellaverunt
1256 1242 1368 1280 velut
1408 1241 1762 1280 lacrimabundus
1792 1253 1827 1279 e.
1860 1254 1898 1291 q.
1932 1253 1982 1287 s.‚

175 1318 239 1356 alii
280 1330 324 1355 ea
365 1330 475 1355 mera
512 1315 717 1367 participia
761 1327 848 1352 esse
886 1313 1156 1352 crediderunt.
1205 1314 1350 1352 Contra
1394 1325 1493 1363 quos
1536 1312 1748 1350 Diomedes
1794 1325 1833 1362 p.
1877 1311 1981 1348 40⁶2:

172 1389 333 1427 Errant
364 1388 500 1438 Ionae,
532 1387 678 1437 inquit,
709 1387 783 1436 qui
813 1386 1050 1435 opinantur
1087 1384 1384 1428 moribundus,
1416 1383 1690 1432 vitabundus,
1723 1382 1985 1432 furibundus

173 1471 257 1497 esse
282 1460 516 1508 participia
534 1471 550 1506 ,·
577 1463 674 1496 sunt
706 1458 817 1495 enini
852 1456 1173 1506 appellationes.
1207 1456 1440 1493 moriturus
1476 1467 1570 1492 ‘cero
1600 1459 1658 1492 est
1684 1453 1982 1503 participium.

174 1529 290 1568 Haud
321 1529 436 1567 aliter
465 1528 625 1566 Servius
655 1527 810 1566 Comm.
854 1527 895 1564 in
926 1527 1028 1565 Don.
1060 1539 1099 1576 p.
1131 1525 1205 1563 441
1231 1538 1236 1563 :
1284 1530 1321 1563 et
1359 1526 1539 1563 nomina
1579 1536 1664 1562 6336
1705 1524 1984 1572 manifestum

172 1607 244 1649 est,
275 1602 386 1651 quod
416 1600 628 1639 subtracta
658 1600 737 1637 dus
767 1598 927 1647 syllaba
958 1603 995 1636 et
1025 1598 1176 1635 addita
1206 1610 1223 1635 s
1262 1597 1401 1635 littera
1443 1609 1529 1634 non
1568 1596 1747 1634 redeunt
1785 1596 1832 1632 in
1868 1607 1973 1644 par·

172 1673 317 1722 ticipia
346 1672 581 1722 praesentis
611 1671 825 1720 temporis,
858 1674 896 1708 et
924 1669 1153 1720 Pompeius,
1186 1669 1342 1707 Comm.
1376 1680 1413 1718 p.
1447 1667 1539 1715 257,
1580 1671 1618 1705 et
1654 1665 1837 1703 similiter
1883 1665 1974 1703 Cle-

171 1743 312 1781 donius
342 1756 380 1794 p.
411 1742 477 1781 58.
538 1744 679 1781 Errant
712 1746 747 1779 et
787 1741 999 1780 Diomedes
1029 1754 1067 1790 p.
1099 1740 1192 1788 403,
1230 1752 1321 1777 cum
1359 1739 1441 1777 tale
1479 1743 1551 1785 cst,
1592 1737 1737 1788 inquit,
1783 1742 1819 1775 et
1859 1738 1974 1786 furi-

171 1814 353 1858 bundus,
385 1825 534 1852 sunus
564 1824 739 1851 1³[7nnxr1
769 1813 841 1850 sed
870 1813 962 1850 sine
991 1813 1149 1861 furore.
1193 1812 1293 1849 item
1323 1823 1416 1848 cuin
1450 1810 1629 1860 leyimus
1659 1810 1777 1859 apud
1807 1809 1973 1847 Sallus-

169 1886 276 1923 tium
308 1884 653 1932 «vitabundus»,
685 1884 841 1932 inquit,
881 1895 990 1932 «per
1027 1882 1212 1920 saltuosa
1255 1881 1343 1919 loca
1384 1879 1654 1929 recedebat»,
1699 1892 1785 1917 non
1828 1880 1975 1929 utique

166 1957 304 1995 vitans
334 1957 405 1994 sed
434 1957 566 1995 vitare
601 1955 828 2004 simulans,
864 1958 901 1992 et
943 1953 1174 1992 Priscianus
1216 1953 1313 1990 Inst.
1353 1965 1392 2003 p.
1424 1951 1529 1990 137:
1574 1953 1624 1990 In
1670 1950 1840 1990 bundus
1882 1963 1974 1989 vero

166 2028 405 2065 desinentia
426 2027 757 2065 similitudinem.
791 2024 943 2063 habere
963 2024 1224 2075 siqnificant,
1250 2028 1297 2061 ut
1326 2022 1588 2061 vitabundus
1617 2034 1767 2061 sumas
1795 2034 1971 2069 VITANTI,

165 2110 199 2136 e.
233 2111 271 2149 q.
304 2111 354 2141 s..
386 2102 424 2136 et
453 2097 628 2146 Servius,
658 2097 726 2147 qui
756 2097 804 2135 de
833 2096 971 2134 eadem
1002 2095 1292 2141 significatione
1322 2094 1370 2132 ad
1400 2094 1501 2133 Aen.
1526 2093 1593 2143 10,
1623 2092 1697 2131 34¹1
1732 2093 1973 2144 planissimis

164 2169 295 2207 verbis
341 2169 395 2207 sic
441 2169 631 2207 disserit:
682 2166 941 2207 Moribunda
984 2177 1179 2204 »mmmm
1236 2176 1400 2203 smnus.
1451 2166 1563 2215 quod
1609 2165 1670 2202 ita
1712 2176 1797 2202 esse
1844 2164 1972 2201 etiam

164 2239 394 2278 Sallustius
424 2238 663 2288 comprobat
694 2243 730 2276 et
760 2238 955 2286 ostendit,
989 2238 1065 2286 qui
1093 2237 1153 2274 ait
1185 2237 1343 2286 «quasi
1372 2234 1631 2274 vitabundus
1660 2257 1712 2263 -—
1741 2236 1968 2272 escen-citum

164 2310 338 2348 ductare
352 2322 400 2347 »ῑ
434 2322 537 2347 nani
566 2310 777 2359 Iuyurtha
807 2321 894 2346 non
923 2307 1081 2346 vitabat
1112 2307 1315 2358 legyatuni,
1347 2307 1418 2345 sed
1448 2319 1489 2345 se
1519 2318 1617 2345 euni
1658 2307 1791 2344 vitare
1834 2306 1970 2343 simu-

163 2378 292 2417 labat.
324 2391 427 2417 nani
457 2380 561 2429 quia
589 2391 745 2417 nonien
775 2384 847 2426 est,
879 2378 973 2416 ideo
993 2376 1207 2427 siqnificat
1235 2376 1582 2425 similitudinem,
1615 2388 1701 2413 non
1728 2375 1971 2425 passionem

162 2463 197 2489 6.
229 2463 268 2501 q.
302 2463 333 2488 s.
364 2451 412 2488 Et
440 2455 546 2488 recte
575 2449 737 2500 quidem
767 2449 843 2487 dici
874 2452 1016 2499 potest,
1062 2447 1102 2485 in
1147 2447 1234 2496 hoc,
1281 2447 1329 2485 de
1367 2459 1445 2497 quo
1490 2447 1571 2497 agit
1611 2446 1789 2494 Servius,
1835 2458 1966 2493 versu,

160 2521 363 2559 dexteram
394 2533 559 2559 manum
591 2534 668 2558 non
711 2524 909 2559 mortuam
948 2532 1049 2566 esse,
1100 2519 1168 2557 sed
1214 2517 1445 2568 languidam
1484 2522 1523 2556 et
1567 2517 1751 2555 morienti
1792 2516 1967 2555 similem

162 2591 410 2643 pependisse,
443 2592 510 2630 sed
540 2592 639 2630 haec
667 2591 788 2630 unius
818 2591 889 2629 loci
922 2591 1158 2641 significatio
1187 2590 1237 2628 ad
1259 2593 1386 2627 cetera
1419 2589 1601 2640 exempla
1631 2588 1771 2627 referri
1802 2588 1965 2637 nequit;

159 2663 308 2701 accedit
337 2662 439 2713 quod
472 2662 512 2701 in
543 2662 718 2701 Sallustii
750 2662 815 2700 illo
844 2663 967 2711 quasi
990 2660 1249 2700 vitabundus
1270 2673 1348 2698 non
1371 2659 1631 2699 vitabundus
1661 2658 1965 2697 similitudinem

159 2734 362 2785 exprimit,
395 2734 462 2771 sed
494 2745 565 2771 vox
594 2733 726 2771 addita
757 2734 895 2783 quasi.

267 2804 343 2843 Sed
374 2804 600 2855 postpositis
630 2808 809 2842 veterum
840 2804 983 2842 horum
1014 2803 1368 2854 grammaticorum
1399 2802 1625 2851 sententiis,
1657 2814 1720 2840 res
1750 2802 1845 2839 haec
1875 2804 1961 2838 est:

159 2875 372 2913 Adiectivis
401 2874 628 2913 verbalibus
657 2874 696 2912 in
735 2875 897 2913 bundus
933 2875 973 2924 (a
1014 2874 1098 2912 basi
1138 2872 1222 2912 bhu
1265 2874 1324 2912 vel
1368 2875 1418 2923 fu
1440 2874 1468 2924 ¹)
1508 2873 1614 2911 idem
1653 2872 1823 2919 exprimi
1861 2871 1963 2922 quod

255 3041 459 3077 lSimilem
495 3043 636 3078 exitum
672 3043 787 3078 habes
826 3044 862 3077 in
899 3044 1092 3078 adiectivis
1131 3043 1323 3087 iucundus,
1362 3043 1597 3086 verecundus,
1630 3042 1830 3087 facundus,
1868 3042 1962 3083 aliis,

159 3107 180 3131 a
224 3096 358 3139 quibus
392 3097 627 3133 substantiva
664 3098 894 3134 descendunt
927 3100 965 3133 in
999 3100 1053 3133 ·ia
1086 3099 1291 3143 (facundial
1326 3099 1384 3133 vel
1423 3100 1511 3133 -itas
1554 3098 1814 3143 (iucunditas),
1864 3097 1963 3141 quod

157 3152 225 3195 his,
259 3152 303 3186 de
338 3163 411 3196 quo
438 3164 520 3199 ago,
558 3155 688 3189 formis
715 3166 919 3198 numquam
953 3156 1004 3190 fit.
1055 3155 1101 3189 At
1138 3166 1205 3189 cur
1242 3155 1396 3198 formae,
1435 3154 1566 3198 quales
1602 3157 1690 3189 sunt
1726 3153 1962 3190 verebundus.

156 3219 230 3242 non
257 3208 431 3252 existant,
458 3210 639 3251 nescitum
674 3211 904 3245 rubibundus
942 3211 1143 3254 quominus
1175 3211 1378 3245 formatum
1413 3211 1472 3253 sit,
1502 3211 1629 3245 nescio
1657 3222 1703 3245 an
1730 3211 1780 3244 sit
1805 3210 1961 3244 vetitum

156 3264 279 3298 littera
305 3263 326 3297 b
354 3263 410 3298 bis
436 3263 610 3310 deinceps
636 3266 817 3308 syllabam
852 3267 1051 3311 incipiente
1085 3267 1143 3307 (cf.
1171 3267 1349 3301 Priscian.
1377 3278 1411 3311 p.
1442 3267 1518 3309 137,
1545 3268 1612 3301 23ῑ
1649 3267 1832 3310 excipitur
1856 3265 1961 3299 alter-
