2373 3700
336 194 414 235 956
1168 201 1279 229 xum<
1289 220 1297 227 .
2069 190 2149 243 [10]

345 280 429 285 ,μ-
447 271 2146 283 ——..—-—-——-—--———.--.—-

340 354 513 400 Nicetas,
547 349 853 390 Atheniensium
885 348 1148 399 metropolita,
1197 348 1262 399 qui
1305 351 1475 385 exeunte
1506 346 1660 385 saeculo
1690 347 1762 385 XII
1795 347 1833 385 in
1865 349 2048 386 monodia
2078 362 2149 387 sua

337 424 386 462 de
419 426 574 461 mortuo
604 421 811 460 Eustathio
840 421 937 458 haec
967 420 1166 459 laudavit:
1203 418 1337 470 ἀμέλει
1372 417 1432 456 καὶ
1467 416 1521 461 ὡς
1550 419 1666 471 ἄμφω
1696 419 1799 471 φάεα
1839 417 1951 465 καλαὶ,
1983 417 2061 470 βίου
2092 418 2150 458 καὶ

336 493 462 546 λόγου,
509 490 835 545 προβεβλημένος,
888 489 941 534 ὡς
993 489 1050 529 ἐπὶ
1098 489 1288 543 περιωπὴν
1342 488 1440 527 δυοῖν
1492 488 1673 541 λυχνίαιν,
1723 492 2032 541 σοφιστικοῦ
2071 489 2150 528 καὶ

341 564 711 618 ἀρχιερατικοῦ
761 561 952 615 θρόνου
1010 560 1297 614 μετεωρίζεται·
1369 560 1437 612 τῷ
1482 558 1572 611 μὲν
1627 558 1933 612 ἐνιδρυῦεὶς
1984 560 2153 614 μικρῷ

338 637 551 689 πρότερο
564 648 603 682 ν,
646 634 717 685 τῷ
755 631 787 670 δ’
817 631 1049 686 ὕστερον.
1071 639 1082 661 ¹
1134 632 1266 677 Quare
1319 631 1423 669 haud
1481 630 1651 668 multum
1701 643 1723 668 a
1767 643 1859 668 vero
1907 631 2152 670 aberravisse

341 707 440 746 mihi
478 706 626 754 videor,
673 705 704 742 si
753 704 993 743 contendero
1041 702 1489 741 commentarium
1543 701 1595 738 in
1642 701 1891 750 Dionysii
1941 714 2151 740 carmen

340 776 688 827 compositum
734 776 882 814 inter
925 787 1121 814 annum
1165 773 1271 811 1170
1313 777 1360 811 et
1400 772 1506 810 1175
1551 773 1609 811 ad
1654 773 1904 810 [oannem
1959 772 2151 811 Ducam

341 861 455 887 esse
494 846 725 884 missum.

447 920 529 958 Hoc
575 918 676 956 libro
716 918 834 965 ollito,
885 920 1062 954 attamen
1105 919 1198 954 ante
1241 913 1550 963 31111111111175,
1583 914 1891 952 commentarios
1922 915 2153 953 Homericos

341 991 576 1030 Eustathius
606 989 752 1042 publici
784 986 882 1025 iuris
913 986 1019 1031 fecit,
1052 986 1084 1023 si
1127 985 1247 1023 fidem
1278 985 1425 1023 habero
1456 984 1543 1022 licet
1576 985 1632 1022 eis
1664 985 1808 1034 verbis,
1841 998 1943 1036 quae
1973 985 2152 1024 Bessario

342 1060 556 1099 cardinalis
586 1061 627 1098 in
648 1059 780 1098 codice
800 1057 999 1095 Marciano
1031 1056 1247 1095 CCCCLXI
1270 1055 1447 1107 appinxit
1480 1056 1519 1094 in
1551 1056 1677 1107 capite
1706 1056 1983 1094 commentarii
2014 1057 2154 1095 Eusta-

341 1130 470 1168 thiani
513 1131 553 1168 in
596 1129 732 1167 Iliadis
775 1127 951 1166 carmina
997 1138 1136 1164 novem
1180 1126 1332 1176 priora:
1373 1124 1511 1164 Ἰστέον
1551 1123 1604 1168 ὡς
1633 1124 1658 1177 ἡ
1689 1116 1869 1178 ἐξήγησις
1899 1129 1968 1177 τῆς
1994 1123 2154 1170 Ἰλιάδος

341 1201 515 1255 Ὀμήρου
557 1200 652 1254 αὔτη
692 1214 732 1240 τε
779 1198 838 1239 καὶ
874 1198 899 1251 ἡ
943 1201 1017 1236 τῶν
1061 1196 1253 1249 ἑπομένων
1293 1196 1427 1236 ἄλλων
1458 1195 1614 1250 βιβλίων
1645 1197 1763 1248 (quae
1792 1202 1920 1235 exstat
1950 1198 1987 1235 in
2021 1198 2153 1236 codice

342 1274 544 1312 Marciano
566 1270 819 1321 CCCCLXII)
851 1268 910 1309 καὶ
939 1267 992 1307 ἔτι
1020 1268 1044 1321 ἡ
1076 1272 1146 1319 τῆς
1164 1266 1400 1313 Ὀδυσσείας,
1431 1268 1478 1319 ἢν
1500 1266 1539 1305 ἐν
1560 1266 1671 1319 αλλῳ
1693 1266 1828 1319 βιβλίῳ
1858 1266 1997 1320 ἔχομεν
2013 1268 2086 1310 (ει
2114 1267 2153 1303 in

343 1343 477 1383 codice
515 1343 718 1381 Marciano
767 1340 996 1386 CCCCLX)‚
1043 1337 1152 1383 ἐστίν,
1193 1337 1246 1381 ὡς
1276 1337 1314 1376 ἐν
1352 1336 1538 1390 διαφόροις
1580 1336 1735 1390 βιβλίοις,
1779 1337 1947 1390 ἀρχαίοις
1988 1336 2153 1390 εὕρηται,

342 1413 672 1461 Εὐσταῦίου,
701 1412 1011 1465 μαΐστωρος
1053 1413 1152 1448 τῶν
1196 1410 1254 1462 ρη
1275 1411 1436 1462 τύρων
1490 1407 1562 1447 καὶ
1605 1408 2048 1461 ἐκκλησιαστικοῦ
2079 1407 2156 1447 ἐπὶ

343 1489 445 1525 τῶν
487 1484 747 1538 δεήσεων,
791 1486 874 1521 τοῦ
920 1482 1142 1535 ὔστερον
1196 1479 1647 1532 Θεσσαλονίκης.2
1713 1480 2014 1518 Uonfirmantur
2057 1481 2154 1519 baec

343 1570 388 1596 ea
413 1556 684 1606 inscriptione,
705 1566 827 1604 quam
845 1554 952 1602 Ang.
975 1552 1073 1590 Mar.
1098 1551 1271 1589 Bandini
1292 1552 1332 1589 in
1358 1550 1523 1600 catalogi
1546 1550 1728 1588 codicum
1748 1548 1993 1587 Graecorum
2016 1549 2155 1588 biblio-

344 1629 480 1666 thecae
498 1625 790 1664 Laurentianae
814 1628 911 1661 tom.
943 1623 980 1661 II
1007 1636 1042 1661 a.
1061 1621 1166 1660 1768
1188 1635 1224 1672 p.
1244 1620 1323 1659 493
1343 1621 1628 1660 commentario
1650 1620 1877 1670 OdyssiaCO,
1896 1620 1964 1670 qui
1986 1621 2157 1660 traditur

343 1700 474 1738 codice
495 1698 764 1736 Laurentiano
787 1696 886 1747 plut.
910 1696 997 1733 LIX
1025 1695 1064 1744 6,
1091 1694 1353 1745 praemissam
1383 1706 1470 1731 esse
1501 1693 1676 1730 monuit:
1711 1690 1923 1730 Εὐσταθίου
1956 1691 2153 1744 μαίστορος

345 1775 420 1810 τῶν
451 1771 634 1823 ρητόρων,
664 1771 727 1806 τοῦ
758 1766 912 1820 ὓστερον
941 1764 1237 1818 Θεσσαλονίκης,
1267 1762 1501 1817 παρεκβολαὶ
1530 1767 1605 1802 τῶν
1635 1763 1687 1806 εἰς
1716 1762 1784 1815 τὴν
1813 1761 2050 1802 Ὀδύσσειαν.

454 1843 592 1880 Restat
621 1844 665 1878 ut.
695 1839 868 1889 reliquos
899 1836 1205 1875 commentarios
1236 1836 1373 1887 paucis
1404 1835 1619 1874 absolvam.
1667 1834 2056 1873 Commentarii
2100 1834 2156 1872 in

345 1912 582 1953 Pindari
626 1910 875 1962 epinicia
921 1908 1233 1959 conscripti
1271 1907 1521 1959 prooemium
1552 1906 1681 1944 solum
1712 1906 1916 1944 codicibus
1947 1906 2152 1955 integrum

345 1985 535 2024 traditum
557 1988 631 2032 est,
663 1982 767 2032 quod
797 1981 839 2018 F.
866 1979 915 2018 G.
939 1979 1223 2018 Schneidewin
1253 1977 1576 2016 adnotationibus
1607 1977 1850 2014 instructum
1883 1975 2095 2025 Gottingae
2117 1990 2153 2015 a.

344 2053 448 2092 ‘1837
465 2053 602 2091 edidit.
635 2053 697 2091 Ab
716 2051 921 2090 Eustatbio
942 2063 1033 2087 cum
1055 2049 1245 2087 diaconus
1267 2052 1370 2086 esset
1392 2048 1418 2086 i.
1441 2060 1477 2085 e.
1501 2051 1593 2085 ante
1614 2059 1768 2084 annum
1790 2045 1895 2083 1175
1922 2046 2029 2084 hunc
2051 2059 2157 2084 com-

345 2125 589 2164 mentarium
619 2123 883 2174 compositum
913 2134 999 2160 esse
1029 2121 1141 2158 docet
1170 2120 1392 2170 inscriptio,
1415 2132 1516 2169 quae
1541 2118 1740 2169 prooemio
1771 2118 1945 2168 praefixa
1976 2122 2060 2156 est:
2093 2120 2156 2154 w]

347 2195 458 2236 αὐτοῦ
481 2195 554 2247 (sc.
578 2193 808 2244 Εὐσταθίου)
835 2191 889 2231 ἔτι
917 2190 956 2230 ἐν
977 2190 1155 2234 διακόνοις
1184 2190 1288 2233 ὄντος
1316 2189 1498 2243 πρόλογος
1519 2192 1593 2227 τῶν
1624 2187 1858 2241 Πινδαρικῶν
1885 2186 2149 2241 παρεκβολῶν.

345 2267 457 2305 Idem
487 2279 531 2304 eo
561 2268 835 2312 confirmatur,
868 2264 971 2315 quod
1003 2263 1125 2300 huius
1156 2261 1432 2300 commentarii
1464 2260 1614 2298 mentio
1644 2260 1689 2297 fit
1717 2260 1758 2297 in
1789 2258 1989 2298 Eustathii
2027 2259 2154 2296 adno-

345 2337 562 2376 tationibus
604 2336 652 2374 ad
697 2335 873 2385 Dionysii
913 2348 946 2372 v.
977 2333 1068 2380 2211,
1102 2333 1168 2371 ubi
1213 2332 1261 2370 de
1302 2331 1422 2382 Libya
1465 2331 1625 2381 regione
1671 2334 1710 2369 et
1754 2330 1802 2367 de
1841 2329 1914 2367 deo
1959 2328 2158 2366 Ammone

346 2409 530 2460 pluribus
559 2408 761 2445 disserens
790 2407 838 2445 ad
868 2419 928 2455 ea,
960 2418 1061 2456 quae
1105 2405 1153 2443 ad
1197 2404 1362 2442 Pindari
1405 2402 1596 2441 carminis
1627 2401 1780 2452 Pythici
1812 2400 1865 2438 IV
1895 2413 1930 2437 v.
1964 2399 2039 2437 16:
2075 2398 2158 2442 Διὸς

346 2478 384 2518 ἐν
408 2478 613 2531 ’Ἀμμωνος
644 2477 848 2530 θεμέθλοις
878 2478 1148 2521 adnotaverat,
1180 2476 1243 2513 his
1274 2474 1403 2512 verbis
1439 2486 1511 2511 nos
1556 2473 1735 2512 remisit:
1771 2471 1914 2524 εἴρηται
1944 2469 1984 2508 δέ
2014 2483 2047 2507 τι
2075 2468 2155 2522 περὶ

340 2546 548 2602 Ἄμμωνος
578 2547 637 2588 καὶ
675 2547 713 2587 ἐν
743 2552 817 2591 τοῖς
846 2550 908 2586 τοῦ
946 2544 1157 2599 Πινδάρου;
1194 2558 1259 2584 eos
1300 2545 1419 2593 locos,
1460 2545 1606 2595 quibus
1636 2544 1700 2581 hic
1731 2542 1830 2580 liber
1871 2541 1912 2579 in
1943 2553 2154 2579 commen-

346 2621 458 2658 tariis
483 2619 705 2658 Homericis
726 2619 855 2656 verbis
875 2616 928 2661 ὡς
949 2616 987 2655 ἐν
1011 2621 1085 2659 τοῖς
1106 2618 1169 2654 τοῦ
1190 2614 1377 2668 Πινδάρου
1398 2613 1579 2667 δηλοῦται
1600 2613 1659 2651 vel
1681 2611 1835 2666 φέρεται
1858 2611 1914 2649 vel
1940 2608 2159 2661 δεδήλωται

346 2693 557 2740 excitatur,
589 2690 769 2728 collectos
799 2689 1012 2728 illustravit
1041 2689 1249 2737 Augustus
1278 2687 1437 2725 Boeckh
1477 2686 1517 2723 in
1563 2684 1722 2723 Pindari
1764 2694 1930 2733 operum
1973 2680 2158 2719 editionis

346 2768 444 2802 tom.
476 2763 511 2801 II
542 2762 715 2815 (Lipsiae
744 2761 864 2813 1819)
893 2774 930 2812 p.
964 2760 1096 2798 XXIX
1125 2772 1186 2808 sq.
1218 2757 1304 2803 Quo
1334 2771 1437 2796 anno
1480 2757 1610 2795 editus
1641 2756 1704 2803 sit,
1736 2767 1756 2792 e
1783 2752 2019 2803 fragmentis
2057 2763 2158 2801 quae

349 2838 565 2884 supersunt
594 2832 816 2870 coniectare
846 2844 923 2869 non
954 2831 1057 2868 licet.
1614 2843 1615 2846 ¹

452 3069 463 3093 1
493 3070 598 3106 Conf.
641 3069 890 3115 Theophilum
926 3068 1032 3103 Tafel
1074 3067 1098 3103 1.
1125 3067 1149 3102 l.
1175 3078 1210 3112 p.
1238 3066 1306 3100 375
1332 3064 1427 3100 med.

452 3137 467 3162 2
495 3136 598 3172 Conf.
632 3135 838 3170 Antonium
865 3134 1012 3169 Zanetti
1055 3132 1219 3168 ‹Graeca
1256 3131 1297 3166 D.
1325 3129 1440 3165 Marci
1477 3126 1707 3162 bibliotheca
1733 3113 1905 3160 ecdicum
1933 3121 2161 3165 manuscrip-

348 3194 477 3228 torum
515 3203 580 3237 pet·
606 3191 738 3226 titulos
766 3190 931 3236 digesta>
962 3202 992 3225 a.
1022 3189 1114 3224 1740
1140 3201 1173 3233 p.
1202 3188 1270 3222 245
1295 3198 1349 3230 sq.
