2373 3700
360 243 438 294 126
1132 270 1392 297 senonum&
2112 256 2166 310 [6]

361 414 579 464 genianuni
608 416 788 466 exemplo
817 416 995 467 apposito
1024 417 1269 467 aliquantillo
1301 417 1520 467 pleniorem
1553 418 1675 456 fuisse
1704 432 1822 469 quam
1856 432 1962 457 nunc
1991 418 2039 456 ab
2070 418 2164 455 Hes.

363 484 604 532 praebetur:
648 484 832 537 διδύμους·
865 487 967 539 παρά
996 489 1049 539 τῷ
1077 490 1223 539 ποτητγ]
1255 487 1426 526 ἀκούουσι
1455 487 1627 539 διδύμους
1656 487 1740 532 τοὺς
1770 488 1907 542 διφυεῖς
1935 488 1989 532 ώς
2018 487 2169 527 αὐλοὶ

364 551 596 605 δίδυμοι,
644 553 866 606 διδυμάονας
914 555 953 594 δε
996 556 1058 600 οὓς
1105 556 1215 608 ἡμεῖς
1265 554 1448 608 διδύμους.
1496 555 1557 595 καί
1607 555 1760 609 δίδυμοι·
1800 558 1876 597 δύο.
1923 573 1993 597 nec
2034 559 2169 597 minus

363 624 630 672 Diogenianea
675 625 778 675 apud
822 625 917 664 Hes.
960 626 1270 665 contractionem
1312 638 1428 676 passa
1458 639 1545 664 esse
1575 627 1779 665 cernimus
1809 641 1840 665 s.
1874 641 1908 666 v.
1942 628 2170 679 δαιτυμόνες,

364 693 429 730 ubi
462 693 557 732 Hes.
591 692 792 732 σύνδειπνοι
813 695 1021 747 ἀριστηταί.
1055 693 1319 747 εὐωχούμενοι.
1351 695 1575 749 ἢμάγειροι.
1609 698 1669 735 Et.
1695 698 1748 736 M.
1769 697 1860 744 252,
1875 718 1906 742 31
1937 697 2168 749 δαιτυμόνες.

362 761 556 815 εύωχηταί
587 761 644 801 καί
675 762 940 816 εὐωχούμενοι.
972 763 1173 815 δαιτυμ(ι’)ν·
1207 763 1224 802 ό
1257 764 1325 816 την
1358 765 1486 817 θοίνην
1522 765 1712 818 παρέχων,
1745 765 1803 805 καὶ
1833 769 2018 819 μάγειρος.
2051 766 2103 810 εἰς
2131 766 2171 804 τό

364 833 606 883 Διογενιανοῦ.

407 940 425 950 ν
464 903 607 952 ‘296‚34
656 905 696 943 in
745 906 823 944 line
862 906 1015 954 glossae
1058 903 1163 958 εἰδῇς
1191 905 1427 955 Diogeniani
1458 919 1606 944 nomen
1646 911 1811 957 apparet
1840 908 1880 948 in
1909 907 1994 945 cod.
2026 907 2073 955 D,
2104 906 2172 956 qui

366 953 426 1011 Aa),
456 987 477 1012 a
507 988 567 1025 pr.
603 989 655 1013 111.
691 976 823 1014 habet.
882 980 921 1013 at
959 988 1062 1026 quae
1105 976 1157 1014 ibi
1196 978 1382 1015 seruntur
1423 977 1523 1014 nihil
1563 990 1654 1015 cum
1686 978 1930 1027 Diogeniano
1959 989 2173 1015 commune

363 1045 527 1093 habent,
580 1048 816 1097 proponitur
859 1060 993 1085 merus
1023 1060 1168 1095 canon,
1218 1048 1440 1086 secundum
1492 1061 1612 1098 quem
1663 1047 1765 1101 εἰδῇς
1807 1047 1875 1086 ἀπὸ
1912 1051 1975 1086 τοῦ
2019 1047 2104 1087 εἴδω
2134 1047 2173 1086 τό

361 1117 529 1166 γινώσκω
562 1118 794 1156 formandus
824 1119 889 1167 sit,
921 1123 960 1156 et
990 1118 1159 1169 pertinet
1192 1118 1288 1156 illud
1321 1101 1382 1157 Διό
1415 1119 1463 1156 ad
1495 1131 1667 1169 sequens
1698 1119 1843 1157 lemma
1883 1118 1956 1158 εἶεν
1984 1119 2090 1170 quod
2120 1119 2175 1156 sic

364 1186 624 1224 scribendum
654 1192 713 1225 est
743 1187 830 1226 εἶεν.
891 1188 1116 1239 Διογενιανός
1146 1187 1381 1240 ἀναφώνηκα
1410 1187 1494 1226 κτλ.
1555 1188 1742 1226 librarius
1790 1201 1935 1227 nornen
1978 1189 2019 1227 in
2061 1189 2175 1227 initio

361 1256 554 1295 omissum
587 1259 883 1310 suprascripsit.
916 1260 1001 1297 Iam
1032 1272 1248 1310 proponam
1277 1271 1380 1309 quae
1409 1272 1472 1310 ap.
1505 1260 1637 1309 Etym.
1672 1259 1884 1309 leguntur:
1917 1259 2046 1299 εἶεν·
2095 1260 2175 1299 Διο-

363 1327 527 1377 γενιανός
558 1329 799 1382 ἀναφώνημα
828 1329 950 1381 ὅμοιον
979 1334 1033 1382 τῷ
1064 1329 1218 1374 ἀλλά,
1249 1329 1315 1369 οὐκ
1343 1329 1400 1369 ἐπὶ
1431 1329 1715 1375 ἀνταποδόσεως
1747 1330 1858 1383 λόγου
1900 1332 2055 1377 τίθεται,
2086 1329 2175 1369 ἀλλ’

367 1396 427 1436 ὅτε
459 1396 498 1435 δέ
528 1397 798 1451 έπιφέρεται,ἢ
831 1399 957 1453 ἕτερόν
977 1413 1009 1438 τι
1038 1398 1077 1438 ἐν
1108 1401 1209 1452 ἀρχῇ
1240 1399 1366 1451 λόγου·
1400 1399 1523 1439 ἀλλ’
1566 1402 1665 1452 ἄγε.

474 1467 579 1508 εἰεν
597 1481 606 1489 ·
647 1469 735 1520 άγε
772 1468 847 1522 δὴ,
878 1470 1150 1521 συγκατάθεσις
1180 1469 1247 1522 μέν
1275 1474 1350 1509 τών
1385 1470 1606 1524 εἰρημένων,
1638 1471 1786 1524 συναφὴ
1819 1470 1859 1510 δὲ
1887 1471 1978 1525 πρὸς
2007 1472 2054 1511 τά
2084 1472 2176 1524 μέλ-

365 1538 495 1577 λοντα.
540 1539 677 1590 γίνεται
713 1538 752 1577 δέ
796 1539 865 1578 ἀπὸ
904 1543 967 1578 τοῦ
997 1539 1054 1579 εἶα
1084 1543 1147 1578 τοῦ
1175 1540 1447 1594 παρακειμένου
1478 1539 1667 1594 ἐπίρρημα
1697 1540 1782 1585 εἷεν,
1814 1540 1893 1579 ἀντὶ
1921 1545 1984 1580 τοῦ
2013 1546 2176 1582 ταῦτα

370 1608 457 1661 μέν
498 1608 553 1662 δὴ
595 1609 763 1654 οὕτως.
814 1610 891 1649 ἐστι
934 1611 1004 1664 γάρ
1048 1610 1238 1665 ἐπίρρημα
1282 1613 1529 1665 ἀφοριστικόν.
1577 1611 1634 1650 ἐπὶ
1662 1613 1731 1665 γάρ
1762 1617 1835 1657 τοῖς
1863 1613 1939 1667 ἤδη
1970 1614 2178 1668 εἰρημένοις

368 1680 629 1732 ἐπιλεγόμενον
659 1681 833 1735 ἀφορίζει
862 1680 969 1719 αὐτά.
1003 1680 1042 1720 τό
1072 1681 1160 1720 αὐτὸ
1191 1680 1230 1720 δέ
1259 1681 1428 1721 καλεῖται
1460 1682 1636 1726 ἀπόθεσις
1664 1682 1790 1734 λόγου.

475 1753 538 1790 hic
583 1765 685 1803 quae
738 1753 868 1803 priore
914 1753 995 1790 loco
1044 1754 1360 1803 pronuntiantur
1398 1754 1493 1805 quid
1532 1754 1606 1792 sibi
1638 1755 1775 1803 velint,
1807 1760 1852 1793 ut
1881 1756 2175 1808 intellegamm,

368 1824 553 1874 Apolline
583 1836 682 1874 opus
712 1828 770 1861 est
801 1824 1034 1874 interprete.
1092 1828 1229 1862 carent
1267 1825 1376 1862 omni
1418 1838 1557 1874 sensu,
1589 1828 1708 1876 atque
1737 1827 1934 1876 quomodo
1963 1828 2178 1866 reficienda

365 1899 501 1932 essent
530 1895 595 1932 vix
626 1895 841 1944 quisquam
871 1895 1160 1945 expiscaretur,
1184 1895 1260 1933 nisi
1292 1901 1545 1934 succurreret
1574 1909 1622 1934 ex
1651 1896 1737 1934 cod.
1764 1896 1918 1935 Monac.
1950 1897 2028 1935 499
2056 1899 2179 1937 inter-

366 1978 457 2015 pres
487 1965 651 2015 quidam
672 1965 852 2015 Gregorii
873 1966 1110 2004 Nazianzeni
1134 1971 1251 2004 notus
1274 1967 1373 2004 mihi
1403 1980 1451 2005 ex
1482 1967 1631 2017 Uhligii
1664 1967 1865 2018 praeclara
1901 1968 2178 2007 dissertatione

364 2049 444 2087 qua
488 2038 536 2076 de
583 2036 656 2076 εἰεν
698 2038 884 2076 adverbio
928 2051 1020 2076 cum
1069 2038 1417 2088 interaspiratione
1462 2038 1758 2089 pronuntiando
1812 2039 1904 2088 egit.
1973 2039 2028 2077 ibi
2082 2039 2179 2077 haec

367 2107 581 2155 leguntur:
616 2107 658 2146 εἰ
677 2121 694 2146 ε
713 2120 745 2145 ν·
796 2110 963 2146 ταῦτα
1007 2106 1093 2158 μέν
1136 2106 1298 2151 οὕτως
1339 2107 1436 2159 ἢ())
1464 2106 1507 2146 ἐκ
1535 2106 1745 2160 προσῳδίας
1776 2106 1835 2145 καί
1864 2110 1927 2146 τοῦ
1955 2108 2178 2161 πνεύματος,

368 2175 426 2214 καὶ
456 2177 502 2214 τά
531 2181 599 2229 τῆς
629 2178 819 2230 σημασίας
847 2177 949 2216 ἔσται
969 2179 1131 2230 φανερά.
1162 2180 1225 2215 τοῦ
1244 2177 1313 2229 γάρ
1334 2177 1481 2229 πρώτου
1514 2191 1544 2216 ει
1574 2176 1797 2229 ψιλουμένου
1821 2177 1880 2216 καί
1899 2177 2178 2232 περισπωμένου

366 2250 429 2285 τοῦ
475 2246 514 2286 δὲ
550 2247 724 2301 δευτέρου
766 2247 1016 2299 δασυνομένου
1037 2279 1072 2286 ..
1098 2279 1105 2285 .
1152 2247 1255 2287 ε’σται
1290 2248 1329 2287 τό
1376 2247 1610 2301 δηλούμενον
1653 2247 1731 2287 ἀντὶ
1761 2252 1824 2286 τοῦ
1855 2247 2010 2302 ὑπάρχει
2039 2248 2078 2288 ἓν
2107 2253 2181 2288 τών

367 2315 591 2368 εἰρημένων.
624 2317 914 2370 παρατηρητέον
955 2317 1038 2370 γάρ,
1079 2316 1132 2361 ὡς
1170 2317 1263 2356 ουκ
1304 2317 1379 2356 ε’πὶ
1424 2318 1711 2356 ἀναπαύσει
1752 2317 1961 2357 τελείου
2008 2318 2180 2378 λόγου9

366 2384 456 2423 ἀλλ’
488 2386 540 2424 ότι
571 2386 628 2425 καί
667 2387 852 2440 ἕτερον
896 2387 1202 2440 ἐπιφέρεται
1230 2386 1353 2438 λέγον.
1389 2387 1440 2426 ἐν
1483 2389 1616 2440 ἀρχῇ
1659 2386 1709 2426 δέ
1738 2387 1893 2440 λόγου
1925 2387 2182 2442 εὑρισκόμενον

366 2457 447 2495 ἀντὶ
490 2458 809 2510 παρακελεύσεως
849 2459 1005 2511 εἴρηται.
1041 2458 1179 2510 ὁμοίως
1208 2462 1262 2512 τῷ
1291 2460 1370 2511 ἀγε.
1397 2460 1488 2503 ἴσως
1518 2458 1597 2498 ἀντὶ
1629 2462 1691 2497 τοῦ
1722 2458 1791 2506 εἶα,
1824 2460 1920 2498 κατά
1948 2459 2087 2513 τροπὴν
2116 2463 2179 2499 τοῦ

368 2544 391 2568 α
422 2529 474 2573 εἰς
503 2543 520 2568 ε
551 2529 604 2573 ώς
634 2530 744 2569 ἕνεκα
774 2530 915 2570 ἕνεκεν.
975 2531 1053 2569 iam
1103 2531 1190 2570 luce
1238 2531 1385 2569 clarius
1432 2535 1506 2579 est,
1557 2531 1754 2581 quomodo
1804 2535 1937 2569 nostro
1983 2531 2179 2569 auxilium

368 2602 580 2640 ferendum
612 2601 682 2640 sit.
713 2601 982 2640 rescribamus
1015 2601 1101 2641 εἶὲν.
1133 2601 1362 2653 Διογενιανὸς
1392 2602 1633 2655 ἀναφώνημα
1660 2601 1782 2653 ὅμοιον
1803 2602 1856 2654 τῷ
1885 2600 2003 2640 ἀλλά.
2030 2600 2181 2653 (ἰστέον

369 2669 408 2709 δέ
438 2670 524 2722 Coc>
547 2669 614 2710 οὐκ
641 2670 698 2710 ε’πί
741 2672 795 2709 ἀν
812 2685 872 2709 απ
890 2671 983 2709 αύσ
1000 2685 1043 2710 ει
1065 2671 1278 2722 <τελείου>
1301 2670 1411 2723 λόγου
1452 2671 1607 2715 τίθεται,
1648 2670 1738 2709 ἀλλ’
1788 2670 1840 2709 ότι
1874 2669 2085 2723 ἐπιφέρεται
2122 2670 2180 2709 καὶ

369 2742 496 2795 ἕτερόν
525 2755 571 2781 τι.
605 2741 643 2781 ἐν
672 2741 712 2780 ’δὲ
743 2743 845 2796 ἀρχῇ
874 2741 984 2794 λόγου
1016 2741 1106 2781 ἀλλ’
1135 2743 1217 2794 ἀγε.
1278 2743 1440 2794 propius
1481 2742 1602 2780 etiam
1633 2743 1681 2780 ad
1712 2743 1815 2780 hanc
1843 2742 1989 2780 codicis
2022 2741 2176 2780 Monac.

365 2812 444 2851 499
492 2815 728 2872 memoriam
773 2814 923 2851 accedit
964 2813 1222 2863 Etymologici
1267 2814 1352 2851 cod.
1386 2814 1434 2862 D,
1483 2814 1552 2864 qui
1593 2818 1679 2864 post
1711 2812 1832 2864 ὅμοιον
1860 2815 1916 2864 τῷ
1946 2811 2051 2851 ἀλλά
2079 2813 2180 2853 haec

368 2885 560 2936 1131181ῑῆ
592 2880 644 2929 ειξ
673 2883 884 2937 προσῳδίαν
925 2862 945 2929 Ξ
985 2897 1004 2919 ν
1025 2896 1049 2920 π
1071 2897 1090 2926 ς
1120 2881 1277 2936 ὑπάρχει
1307 2883 1361 2922 ἐν.
1404 2897 1520 2922 nemo
1552 2884 1677 2933 igitur
1726 2883 1924 2921 dubitabit
1962 2884 2060 2934 quin
2095 2886 2180 2921 arto

365 2957 541 3006 quodam
590 2956 837 3007 cognationis
880 2955 1037 2993 vinculo
1078 2955 1142 2992 hic
1180 2955 1402 3005 Etymologi
1434 2955 1542 2993 locus
1571 2968 1663 2992 cum
1694 2954 1933 2993 Nazianzeni
1963 2954 2180 3005 interprete

367 3026 590 3064 cohaereat.
625 3030 794 3076 uterque
822 3024 1000 3075 agnoscit
1029 3022 1103 3063 εἶέν
1132 3022 1171 3062 έν
1201 3024 1454 3076 ἀναφωνήσει,
1484 3028 1654 3074 uterque
1691 3022 1730 3062 εἶν
1757 3021 2034 3075 παρακελεύσει
2063 3035 2180 3061 usur-

368 3096 467 3147 pari.
500 3096 600 3134 alter
628 3101 761 3134 autem
791 3095 900 3133 locus
930 3096 1060 3145 Etym.
1112 3098 1269 3146 praeter
1297 3095 1466 3133 eandem
1496 3095 1804 3144 originationem
1851 3094 1972 3133 huius
2001 3093 2178 3132 vocabuli

368 3166 417 3203 ab
448 3165 506 3204 εἶα
536 3167 698 3204 ductam
741 3166 850 3204 addit
884 3165 1087 3204 adnuendi
1129 3170 1167 3203 et
1205 3165 1488 3216 aphoristicam
1528 3166 1615 3203 eius
1646 3165 1863 3203 notionem.
1897 3186 1945 3194 —-·
1977 3165 2057 3203 iam
2086 3164 2178 3202 vide

370 3236 666 3286 Diogenianum
696 3236 855 3287 qualem
896 3235 1041 3274 misere
1071 3236 1288 3274 laceratum
1320 3235 1543 3286 Hesychius
1574 3235 1782 3286 producit:
1845 3233 1934 3273 εἷεν·
1967 3231 2178 3286 ύπάρχοιεν,
