2373 3700
256 273 320 326 ,[9]
794 284 978 311 Axoxvm
1008 284 1297 313 GRAMMAUCAE
1326 287 1514 315 EPITOMA.
1980 284 2055 322 301

312 428 387 477 (τά
416 426 456 465 δὲ
486 426 603 480 κύρια,
631 425 829 479 ἐπειδήπερ
850 426 1061 480 ἀνθρώπων
1077 427 1175 467 ἐστὶν
1195 429 1370 480 ὀνόματα,
1382 442 1400 478 >
1421 430 1475 475 ὡς
1496 431 1618 477 αὐτοῖς
1637 433 1754 472 ὄντων
1778 436 1974 489 γνωρίμων
1998 439 2059 478 καὶ

311 497 362 550 μὴ
387 502 494 536 πᾶσιν
518 496 717 549 Ἕλλησιν,
748 496 807 536 καὶ
836 497 897 536 τὸν
937 499 1071 537 κανόνα
1101 498 1330 552 φυλάττουσι
1359 500 1421 539 τὸν
1448 501 1605 554 λέγοντα
1634 503 1702 556 τὴν
1729 504 2058 558 ἰσοσυλλαβοῦσαν

308 569 357 622 τῇ
383 567 513 620 εὐθείᾳ
541 567 744 620 αἰτιατικὴν
772 566 831 606 οιά
859 572 922 607 τοῦ
951 562 971 607 ν’
1000 568 1073 608 δεῖν
1102 569 1339 623 ἐκφέρεσθαι.

354 638 435 678 Ἔτι
483 639 529 677 τά
575 652 632 677 επι
624 638 741 685 ’θετα,
771 638 802 677 εἰ
849 637 916 690 μὲν
953 643 1040 678 πᾶσι
1043 654 1061 676 ν
1089 639 1114 692 ἢ
1144 643 1218 684 τοῖς
1258 644 1408 694 τυχοῦσι
1445 649 1721 697 προσηγορικοῖς
1749 647 1773 698 ἢ
1806 647 1942 701 κυρίοις
1972 647 2052 686 ἐπι-

270 715 283 740 5
305 709 491 764 φέρονται,
521 723 575 763 τρι
577 712 695 761 γενῶς
722 723 980 762 προφέρονται,
1009 708 1064 753 ὡς
1104 724 1125 749 κ
1143 710 1271 755 αλος
1311 712 1445 765 καλή
1487 727 1547 752 κα
1562 713 1667 753 λον
1724 715 1875 756 δύναται
1902 718 1972 772 γάρ
1995 718 2055 758 καί

301 782 407 820 ἰ’ππου
447 779 506 819 καὶ
545 779 631 832 βοὸς
671 779 731 818 καί
773 779 882 819 λίθου
915 780 974 820 καί
1012 771 1128 825 Ξῦλου
1161 780 1251 820 εἶναι
1280 780 1460 821 ἐπίθετον.
1519 784 1549 822 εἰ
1577 783 1677 824 δ’ἐνί
1708 789 1816 837 μονον
1846 788 2055 842 ἀφώρισται

301 854 557 906 προσηγορικώ
576 851 600 904 ἡ
624 851 749 904 κυρίω,
772 855 992 903 μονογενῶς·
1039 854 1299 906 προσηγορικῷ
1318 852 1397 905 μέν,
1425 854 1496 892 οἷον
1546 869 1601 909 τρ
1618 858 1641 909 ή
1658 871 1677 909 ρ
1693 872 1723 895 ω
1740 872 1759 895 ν
1774 872 1797 896 α
1838 858 2055 898 πέλειαν

306 924 458 971 (Hom.
480 920 703 970 X140>,0
685 921 775 975 ὅπερ
805 922 1012 974 ἀφώρισται
1057 923 1151 975 μόνῃ
1181 936 1281 976 τητ-
1271 923 1390 977 ελείᾳ
1419 923 1479 963 καὶ
1508 925 1691 978 θηλυκῶς
1727 927 1784 966 ἀεὶ
1814 929 2052 983 προφέρεται.

300 994 325 1046 ᾖ
366 996 540 1031 πτῶκα
577 991 778 1043 λαγωον
833 993 987 1038 (Hom.
1017 990 1053 1032 X
1077 993 1199 1042 310),
1244 1007 1332 1048 οπερ
1386 995 1593 1049 ἀφώρισται
1644 998 1745 1049 μόνω
1805 997 1924 1052 λαγῷ,
1966 1014 2052 1054 προ-

246 1070 346 1117 Ιῡφε
330 1063 452 1116 ᾄρεται
492 1061 531 1101 δὲ
573 1061 630 1101 ἀεὶ
682 1063 899 1116 ἀρρενικῶς.
969 1064 1084 1116 κυρίω
1130 1063 1182 1110 οέ,
1222 1063 1275 1108 ὡς
1317 1078 1356 1104 το
1396 1065 1641 1117 γλαυκῶπ
1658 1082 1700 1112 ις
1740 1068 1940 1123 Ἀθήνη
1993 1070 2052 1110 καί

299 1132 702 1187 νεφεληγερέτα
742 1131 888 1177 Ζευς.

346 1201 354 1207 “
394 1217 426 1242 τι
454 1203 501 1241 τά
529 1202 684 1242 ἐπίθετα
713 1202 830 1257 χωρὶς
864 1203 1020 1257 ἄρθρων
1051 1204 1146 1256 μετά
1176 1203 1396 1258 ὑπαρκτικοῦ
1425 1209 1686 1262 προφερόμενα
1715 1208 1770 1248 ἐπὶ
1799 1213 1924 1264 πάσης
1951 1214 2052 1252 πτώ-

295 1288 393 1319 σεως
414 1273 473 1314 καὶ
493 1273 549 1313 ἐπὶ
569 1273 706 1318 παντὸς
725 1274 884 1328 ἀριθμοῦ
904 1274 1143 1329 πληθυντικῇ
1160 1279 1287 1330 γενικῇ
1309 1277 1404 1329 μετά
1431 1278 1574 1331 ἄρθρου
1594 1279 1851 1333 προφέρεσθαι
1883 1280 2048 1327 δύναται,

296 1346 368 1385 οἷον
417 1345 497 1385 ἀντὶ
553 1349 615 1384 τοῦ
667 1345 941 1399 Αἰσχίνης
989 1346 1145 1400 σοφὸς
1183 1347 1242 1400 ἦν
1305 1348 1555 1402 Αἰσχίνης
1612 1353 1704 1388 τῶν
1751 1355 1927 1405 σοφῶν
1974 1354 2045 1406 ἦν,

240 1422 273 1447 ¹⁵
293 1418 406 1470 ἤγουν
445 1417 517 1460 εἷς
557 1416 652 1456 ἀπὸ
699 1420 797 1455 τῶν
840 1420 1028 1468 σοφῶν,
1073 1416 1133 1455 καί
1183 1417 1263 1456 ἀντὶ
1309 1422 1372 1457 τοῦ
1418 1419 1666 1473 Αἰσχίνου
1710 1425 1867 1476 σοφοῦ
1905 1424 2050 1469 ὄντος

292 1488 537 1541 Αἰσχίνου
583 1491 681 1526 τῶν
723 1491 897 1541 σοφῶν
948 1489 1101 1532 ὄντος.
1169 1490 1306 1541 ὁμοίως
1358 1489 1398 1529 δὲ
1444 1490 1504 1530 καί
1544 1492 1590 1530 τά
1628 1493 1781 1545 ρ’ήμοιτα
1819 1494 2049 1539 ἀναλύοντες

292 1561 469 1612 πρότερον
497 1559 549 1603 εἰς
577 1573 616 1598 τε
646 1559 762 1611 ὄνομα
791 1558 961 1598 ε’πίθετον
991 1558 1050 1598 καὶ
1079 1558 1298 1613 ῦπαρκτικον
1326 1563 1441 1614 ῥῆμα
1472 1563 1551 1602 εἶτα
1581 1567 1627 1616 τῇ
1658 1563 1753 1618 αὐτῇ
1783 1558 1956 1611 συντάξει
1986 1566 2048 1606 δυ-

293 1630 443 1680 νάμεθα
479 1628 657 1681 χρῆσθαι,
687 1629 759 1667 οἱον
801 1628 839 1666 οἰ
884 1629 1074 1667 Λύκιοι
1111 1630 1369 1684 σύμμαχοι
1406 1635 1511 1676 τοῖς
1553 1631 1722 1686 Τρωσὶ
1737 1649 1755 1670 ν
1790 1634 1931 1687 ἦσαν,
1975 1635 2045 1674 εἶθ’

291 1698 343 1736 ὅτι
387 1697 426 1736 οἱ
470 1697 657 1736 Λύκιοι
699 1701 796 1736 τῶν
841 1700 1136 1752 συμμάχων
1178 1699 1203 1752 ἢ
1249 1704 1455 1753 μετοχικῶς
1493 1705 1591 1739 τῶν
1632 1704 2047 1756 συμμαχούντων

236 1774 269 1799 ²0
289 1773 400 1813 τοῖς
429 1768 635 1823 Τρωσὶν
676 1769 821 1822 ἦσαν.
881 1773 987 1809 τοῦτο
1017 1768 1057 1809 δὲ
1085 1773 1256 1822 ποιοῦμεν
1286 1771 1343 1810 ε’πί
1373 1775 1448 1810 τῶν
1479 1772 1529 1825 μὴ
1574 1773 1659 1812 καθ’
1702 1772 1901 1828 ὑπεροχήν,
1942 1775 2047 1815 ἀλλά

291 1840 416 1892 μέσως
462 1841 579 1879 ὄντων
626 1844 744 1887 τοῦτο,
792 1840 881 1894 ὅπερ
930 1839 1062 1884 αὐτοὺς
1105 1840 1164 1879 διά
1210 1845 1273 1880 τοῦ
1308 1841 1477 1881 ἐπιθέτου
1521 1843 1723 1896 καλοῦμεν·
1755 1845 1794 1883 τὸ
1823 1846 1893 1899 γάρ
1924 1846 2047 1899 λέγειν

283 1911 333 1953 vO
350 1926 409 1965 μη
427 1926 511 1966 ρος
550 1915 641 1950 τῶν
684 1926 796 1965 ποιη
816 1916 916 1951 τῶν
957 1913 982 1965 ἦ
1000 1928 1018 1950 ν
1060 1912 1101 1951 οῦ
1130 1914 1253 1966 πάντῃ
1284 1914 1418 1965 σεμνὸν
1447 1915 1537 1954 εἰναι
1567 1915 1675 1955 δοκεῖ.

341 1981 445 2036 Πρός
474 1996 505 2020 τι
534 1982 622 2036 ἕχον
650 1982 765 2023 ἐστίν(
778 1999 796 2020 ν
807 1995 834 2030 >,
865 1983 883 2021 ὃ
912 1983 1002 2037 πρὸς
1033 1983 1159 2037 ἕτερον
1188 1983 1267 2038 ἔχει
1297 1984 1424 2038 σχέσιν
1455 1986 1514 2025 καί
1545 1986 1633 2026 αὐτὸ
1662 1988 1751 2042 ὅπερ
1782 1988 1881 2028 ε’στίν
1911 1988 2041 2043 ἑτέρου

286 2053 379 2093 εἰναι
424 2052 585 2105 λέγεται·
624 2054 823 2107 πατρός
862 2054 932 2108 γάρ
973 2055 997 2107 ἡ
1030 2054 1135 2094 υἰοῦ
1181 2054 1385 2107 λεγομένου
1423 2062 1624 2097 συννοεῖται
1654 2059 1814 2113 θάτερον
1847 2059 1906 2099 καί
1938 2061 2041 2100 ἀναι-

233 2129 266 2154 25
286 2124 465 2179 ρουμένου
482 2129 763 2178 συναναιρεῖται.
787 2126 945 2178 ἀνόητον
970 2124 1009 2164 δέ
1032 2125 1094 2165 καί
1113 2127 1230 2179 ἄμφω
1249 2125 1407 2178 ε’πάγειν,
1432 2127 1519 2166 ὅπου
1548 2142 1588 2180 γε
1621 2129 1781 2182 μηδενὸς
1811 2130 2040 2183 ἐπαγομένου

285 2195 311 2247 ἢ
342 2198 404 2233 τοῦ
436 2194 544 2239 υἰο’ς
573 2195 597 2247 ἦ
628 2198 691 2233 τοῦ
719 2197 882 2249 πατήρ
921 2196 980 2235 καί
1019 2195 1117 2235 οὕτω
1158 2196 1196 2235 το
1238 2197 1368 2236 οἰκεῖον
1409 2198 1427 2236 ὁ
1469 2197 1579 2250 λόγος
1621 2199 1753 2243 σώζει,
1796 2199 1875 2240 ε’πεί
1916 2205 2043 2253 κτῆμα

286 2265 352 2305 οὐκ
390 2265 506 2312 ἔσται,
549 2265 638 2305 ἀλλ’
686 2265 771 2305 οὐδὲ
822 2266 956 2312 δοῦλος
994 2282 1017 2321 η
1058 2267 1180 2321 φίλος,
1211 2268 1263 2307 ὅτι
1312 2268 1430 2322 μηδὲν
1467 2270 1682 2324 οἰκειότερον
1727 2271 1838 2325 πατρὶ
1876 2273 1900 2325 ἢ
1943 2277 2038 2317 παῖς.

284 2337 417 2376 δοῦλον
463 2337 494 2375 δ’
512 2338 556 2376 ἂν
594 2338 619 2390 ἢ
650 2337 760 2391 φίλον
802 2337 977 2378 οὐδέποτε
1015 2341 1197 2392 νοήσαιμι.
1234 2342 1478 2380 συντάσσεται
1520 2340 1560 2380 δὲ
1587 2343 1728 2395 γενικῇ,
1758 2342 1800 2381 ἐκ
1829 2344 2040 2397 περιουσίας

287 2518 473 2572 [DISCR.
494 2518 625 2569 SCR]
655 2523 677 2558 2
710 2517 769 2556 καὶ
790 2518 841 2565 H,
863 2517 922 2557 καί
942 2517 998 2556 ἐπ’
1021 2517 1143 2562 αὐτοῖς
1165 2520 1285 2570 μονοις
1307 2520 1340 2558 V
1359 2521 1378 2567 ΙΙ
1477 2526 1500 2559 3
1530 2519 1660 2560 εῦθεῖα
1683 2521 1755 2559 HV
1774 2521 1793 2573 Η
1891 2526 1918 2561 4
1948 2522 2037 2560 ποτε

282 2584 456 2635 τριγενῶς
483 2579 720 2632 λαμβάνεται
743 2580 791 2618 τά
818 2580 887 2618 έπίι
907 2593 974 2619 ετα
1004 2579 1064 2619 καί
1091 2583 1180 2620 πότε
1211 2586 1419 2634 μονογενῶς
1448 2584 1605 2622 lemma
1634 2585 1682 2622 in
1710 2585 1756 2622 Η
1761 2583 1819 2635 V}
1844 2584 1868 2636 ἢ
1900 2583 2037 2637 κυρίοις

283 2657 366 2684 om.
404 2642 470 2694 Vl}
603 2648 626 2682 5
655 2641 925 2695 προσφέρονται
953 2643 986 2680 V
1004 2642 1024 2695 Η
1150 2650 1172 2684 7
1202 2643 1355 2684 πελείαν
1389 2645 1498 2697 ΗνΗ
1623 2652 1646 2685 8
1674 2645 1924 2698 προσφέρεται
1953 2645 1981 2682 V
2000 2644 2019 2698 Η

283 2713 332 2747 10
362 2705 493 2759 κυρίῳ]
522 2705 637 2758 κυρίω
667 2705 718 2753 Η,
753 2705 888 2757 κυρίως
918 2706 948 2742 V
966 2705 987 2758 Η
1080 2711 1127 2746 17
1156 2705 1268 2760 αὐτῇ]
1301 2706 1412 2746 αὐτοῦ
1441 2708 1514 2746 HV
1533 2707 1551 2760 Η
1635 2713 1684 2747 23
1714 2706 1793 2760 ἔχει
1821 2707 1866 2754 V,
1887 2706 1976 2760 ἔχον
1996 2707 2034 2746 Η

298 2769 389 2822 πρός
408 2781 440 2806 τι
459 2767 548 2821 έχον
573 2766 651 2806 ε’στί
680 2766 734 2805 τὸ
763 2766 853 2821 πρὸς
875 2767 1000 2820 ἕτερον
1020 2767 1126 2821 ἔχον
1155 2768 1281 2822 σχέσιν
1305 2770 1500 2808 Choerob.
1534 2771 1659 2819 epim.
1687 2770 1733 2807 in
1764 2770 1896 2808 Psalt.
1921 2769 1960 2816 7,
1977 2768 2002 2806 7
2019 2782 2036 2817 ,-

281 2831 336 2880 cf.
367 2831 537 2868 Aristot.
573 2835 703 2879 cate9.
730 2842 822 2879 cap.
855 2831 931 2869 VII
954 2836 991 2869 et
1021 2832 1176 2869 Zonar.
1199 2844 1369 2881 person.
1401 2832 1481 2869 lex.
1514 2833 1560 2870 II
1583 2831 1691 2871 1584
1728 2832 1776 2881 T)
1796 2830 1815 2882 Η
1928 2836 1979 2871 24
2007 2831 2032 2884 ἡ

280 2891 355 2930 υἱοῦ
385 2893 436 2941 Η,
467 2892 492 2944 ἢ
522 2891 584 2930 καὶ
613 2891 689 2930 υἱοῦ
718 2893 751 2929 V
775 2893 782 2944 Ι
807 2897 1009 2932 συννοεῖται
1038 2894 1090 2942 Η,
1121 2897 1325 2946 συναιρεῖτε
1356 2893 1414 2939 V;
1447 2895 1501 2943 cf.
1526 2894 1736 2943 Stephani
1768 2894 1955 2932 scholion
1985 2894 2033 2931 in

279 2954 452 3003 Dionys.
481 2954 579 3003 866
591 2954 646 2992 26
670 2967 776 3005 sqq.,
799 2956 873 3005 qui
895 2956 1007 2994 locus
1028 2957 1142 2993 hunc
1171 2956 1218 2992 in
1246 2956 1424 2993 modum
1444 2956 1707 3026 ειιρρίεηάνιιε
1728 2956 1922 2994 videtur:
1947 2954 2032 2994 Δια-

278 3013 384 3067 φέρει
412 3014 452 3053 τὸ
479 3016 571 3068 προς
600 3029 631 3054 τι
659 3019 722 3055 τοῦ
751 3014 805 3060 ὡς
833 3018 924 3069 προς
953 3030 984 3055 τι
1012 3031 1030 3055 ε
1035 3030 1177 3070 χοντος,
1208 3029 1261 3054 οτι
1290 3015 1330 3055 τὸ
1361 3015 1466 3068 μέν
1455 3019 1546 3071 προς
1586 3030 1617 3056 τι
1650 3030 1740 3090 εχον
1767 3019 2032 3068 συνιστάμενον

279 3075 468 3128 συνίστησι
489 3075 577 3117 (καί
598 3077 862 3149 ἀναιρουμένον
883 3091 1092 3132 συναναιρει
1114 3078 1154 3117 τὸ
1176 3078 1316 3132 ἕτερον·
1349 3082 1616 3132 συνιστάμενος
1634 3080 1704 3134 γάρ
1725 3094 1743 3118 ο
1762 3079 1947 3151 πατὴρ)
1937 3091 2032 3152 παρ-

278 3139 413 3188 εισάγει
441 3136 503 3175 καί
543 3138 605 3177 τὸν
645 3139 720 3178 υἱὸν
759 3139 820 3178 καὶ
858 3139 972 3179 πάλιν
1012 3141 1276 3195 ἀναιρουμενος
1305 3141 1323 3180 ὁ
1351 3141 1476 3196 πατὴρ
1505 3146 1716 3196 συναναιρεῖ
1746 3156 1807 3181 και.
1837 3141 1898 3180 τὸν
1928 3141 2028 3185 υἰόν;

276 3199 331 3248 cf.
355 3200 484 3236 etiam
512 3200 689 3250 Niceph.
720 3203 951 3242 Blemmid.
984 3205 1085 3253 epit.
1119 3204 1197 3254 lo9.
1228 3217 1330 3254 pay.
1362 3204 1446 3243 152
1475 3217 1534 3255 sq.
1568 3206 1647 3254 (ed.
1680 3205 1790 3255 Au9.
1822 3204 2026 3243 Vindelic.

276 3260 402 3312 1605)
429 3266 467 3299 et
487 3262 640 3301 Ioann.
663 3264 860 3303 Damaso.
884 3266 1052 3305 dialect.
1076 3279 1173 3317 pay.
1197 3266 1254 3305 52
1271 3279 1331 3317 sq.
1356 3266 1438 3317 (ed.
1462 3267 1603 3305 Paris.
1627 3266 1753 3318 1712)
