2373 3700
1976 271 1995 278 υ

649 279 701 306 DE
729 279 953 306 ADIECTIVIS
983 279 1024 306 IN
1057 279 1244 307 -BUNDUS
1274 280 1543 308 EXEUNTIRUS.
1974 285 2000 306 υ

196 424 410 462 Claudii
425 425 772 471 Quadrigarii
787 424 884 473 232,
916 424 954 462 2.
998 424 1101 463 Non.
1133 437 1166 463 s.
1198 438 1234 463 v.
1275 425 1560 474 hinnibunde,
1603 438 1642 477 p.
1682 425 1786 464 122:
1840 426 1999 465 «Cluu-

788 494 885 532 dius
906 494 1136 533 annalibus
1157 494 1261 533 libro
1281 495 1380 534 XVI
1390 508 1401 532 :
1431 495 1579 545 Equae
1599 495 1863 534 H1NN1BUN12E
1888 496 1999 533 inter

786 577 828 603 se
846 570 1090 615 sparqentes
1109 570 1266 603 terram
1282 565 1477 604 calcibus.
1496 565 1790 618 (Hinnibunde
1812 578 1882 618 pro
1903 567 1998 603 hin-

789 636 957 674 nienter
985 635 1108 687 Non.)
1146 636 1206 675 Cf.
1238 636 1356 675 Peter
1396 649 1433 688 p.
1475 636 1657 676 CCCIII:
1702 638 1803 675 «sed
1842 637 1993 686 fateor,

787 707 915 744 etiam
946 706 1050 755 alia,
1091 719 1200 756 quae
1229 706 1303 745 sub
1333 707 1417 746 solo
1451 707 1623 746 Claudii
1652 709 1826 746 nomine
1855 709 1995 746 citarit

786 777 966 826 Nonius,
998 779 1283 827 suspicionem
1312 791 1454 817 meam
1491 780 1682 826 movisse,
1728 780 1774 817 in
1807 780 1994 829 primis:

790 847 995 886 Claudius
1024 870 1076 876 ——
1105 849 1301 887 calcibus.
1333 850 1367 888 A
1397 861 1549 900 9enere
1578 851 1693 888 enim
1722 850 1894 888 dicendi
1924 851 1997 887 hoc

783 930 914 968 prope
960 920 1119 969 poetico
1165 924 1202 958 et
1243 920 1452 970 rythmice
1501 925 1676 959 sonante
1709 932 1884 970 prorsus
1929 921 1996 957 ab-

784 987 923 1026 horret
951 988 1203 1038 simplicitas
1241 993 1278 1027 et
1316 989 1491 1027 nuditas
1537 989 1858 1039 Quadriqarii.»
1911 989 1995 1027 Iam

784 1070 877 1096 cum
908 1071 1012 1097 unus
1042 1059 1312 1110 Hieronymus
1341 1060 1463 1098 semel
1501 1072 1600 1098 usus
1642 1060 1694 1099 sit
1732 1060 1918 1099 adverbio
1956 1061 1994 1098 in

787 1129 953 1168 -bunde
992 1130 1236 1169 terminante
1268 1130 1556 1182 (furibunde),
1599 1131 1661 1169 vix
1704 1131 1776 1170 tibi
1824 1144 1992 1183 persua-

788 1200 904 1250 seris,
936 1201 1057 1240 talem
1088 1201 1257 1240 formam
1297 1202 1376 1240 iam
1415 1202 1519 1253 apud
1562 1202 1677 1241 illum
1706 1202 1862 1241 obviam
1892 1203 1992 1241 sieri.

782 1272 934 1311 Censeo
974 1273 1098 1323 igitur
1134 1272 1393 1311 scribendum
1424 1285 1516 1311 cum
1548 1273 1756 1313 Gerlachio
1783 1278 1822 1313 et
1851 1274 1995 1313 Rothio

783 1348 821 1381 et
850 1343 1106 1382 Lachmanno
1136 1343 1470 1383 hinnibundae.¹
1500 1344 1558 1383 De
1586 1344 1717 1383 verbis
1745 1345 1995 1396 iuxtapositis

783 1413 1083 1452 hinnibundae
1103 1419 1349 1464 sparqentes
1369 1416 1419 1453 cf.
1443 1414 1581 1453 Senec.
1605 1414 1751 1467 philos.
1782 1414 1831 1454 ad
1854 1414 1991 1466 Polyb.

781 1484 847 1532 17,
879 1485 904 1522 5
937 1485 1065 1524 Caius
1095 1498 1190 1524 oras
1234 1486 1502 1525 errabundus
1526 1488 1808 1537 permetiens,
1840 1492 1878 1525 et
1908 1487 1990 1526 Liv.

782 1555 849 1604 27,
880 1556 945 1603 27,
978 1555 1001 1593 7
1026 1555 1319 1606 prolabentem
1348 1557 1654 1596 moribundum
1682 1558 1837 1597 videre.

343 1627 621 1666 Sisennae.
778 1625 879 1664 Gell.
911 1626 967 1665 XI
1002 1625 1068 1676 15,
1109 1625 1159 1664 7:
1204 1627 1392 1666 Sisenna
1429 1628 1476 1665 in
1525 1633 1675 1678 quarto
1718 1629 1993 1667 historiarum.

782 1698 972 1737 eiusdem
993 1698 1158 1748 fiyurae
1179 1699 1298 1737 verbo
1328 1700 1389 1737 ita
1409 1711 1510 1737 usus
1531 1704 1612 1738 est:
1644 1699 1988 1747 Pommnusuus,

780 1770 936 1819 inquit,
969 1782 1091 1820 a9ros
1121 1770 1178 1808 ad
1207 1771 1416 1820 oppidum
1442 1773 1650 1821 pervenit.

473 1854 491 1877 »
779 1841 881 1878 Non.
915 1853 947 1879 s.
979 1853 1015 1878 v.
1044 1841 1224 1891 populat
1253 1855 1291 1893 p.
1323 1841 1426 1880 471:
1459 1842 1646 1881 Sisenna
1675 1844 1769 1882 hist.
1804 1843 1874 1882 lib.
1906 1843 1988 1881 [V.-

780 1912 980 1950 Protinus
1015 1924 1138 1961 aqros
1176 1923 1499 1952 POPULABUNDUS
1539 1914 1597 1952 ad
1625 1913 1857 1953 Nuceriam
1895 1929 1991 1954 con-

776 1983 912 2031 vertit,
943 1982 1013 2033 qui
1042 1981 1115 2021 loci
1154 1983 1435 2022 memorabiles
1475 1989 1569 2023 sunt
1606 1986 1829 2025 accusativo
1868 1999 1989 2038 ayros

778 2065 801 2091 a
825 2053 1161 2102 populabundus
1190 2053 1457 2105 dependente.
1490 2055 1550 2093 Cf.
1584 2068 1623 2106 p.
1654 2055 1718 2093 23.

289 2193 452 2232 Primus
501 2193 740 2245 scriptorum
758 2224 769 2243 ‚
819 2193 887 2245 qui
937 2198 1030 2232 ante
1080 2194 1312 2233 Ciceronem
1366 2195 1613 2244 floruerunt,
1670 2197 1988 2237 Cornificius

181 2265 310 2304 utitur
347 2265 473 2303 forma
514 2276 817 2304 TREMEBUNDUS
860 2270 898 2304 et
939 2277 986 2305 ea
1014 2265 1246 2304 attributive
1276 2266 1404 2317 posita
1433 2270 1472 2304 et
1500 2266 1722 2306 coniuncta
1750 2279 1843 2306 cum
1872 2268 1990 2306 verbo

179 2336 336 2375 dicendi
361 2349 367 2374 :
400 2335 440 2384 3,
472 2335 524 2374 14
553 2336 704 2375 leniter
730 2348 1007 2376 TREMEBUNDA
1036 2348 1144 2375 voce.
1179 2336 1238 2375 Cf.
1260 2337 1343 2376 Cic.
1367 2337 1465 2376 Sull.
1489 2337 1542 2376 30
1571 2338 1842 2388 queribunda
1866 2352 1986 2387 2=oce3

180 2407 282 2447 Stat.
313 2408 439 2447 Theb.
472 2406 512 2457 8,
544 2407 622 2446 643
651 2408 913 2447 moribunda
939 2421 1033 2447 voce.

286 2548 419 2588 Liceat
463 2549 559 2587 mihi
600 2549 695 2588 huic
737 2549 906 2600 tempori
944 2549 1212 2588 adnumerare
1242 2553 1538 2590 Varronem
1575 2550 1742 2602 (Buech.
1773 2548 1893 2601 108):
1926 2552 1984 2589 sic

178 2619 234 2658 ad
264 2632 331 2658 vos
362 2620 486 2658 citius
516 2620 718 2670 opinione
746 2630 1085 2659 vssnmmssuxnus
1113 2621 1243 2659 miser
1271 2621 1427 2670 decidi,

176 2694 213 2729 et
236 2693 325 2731 Cn.
349 2694 572 2731 Matium
601 2691 747 2743 (Diom.
782 2703 821 2742 p.
843 2690 938 2741 345,
968 2690 1037 2742 9):
1070 2691 1146 2730 Ille
1177 2693 1303 2730 hians
1334 2692 1508 2730 herbam
1540 2703 1778 2731 ›ionissuNDo
1809 2693 1983 2731 conterit

603 2774 686 2800 ore.
733 2762 800 2800 Sic
840 2762 937 2802 Luc.
981 2762 1147 2802 Mueller
1187 2763 1228 2801 in
1266 2763 1406 2802 Jahrb.
1442 2765 1469 2802 f.
1503 2763 1606 2802 Phil.
1638 2761 1758 2812 1868,
1802 2776 1842 2814 p.
1875 2763 1979 2804 435:

599 2833 855 2872 moribundo
894 2838 995 2872 teret
1036 2834 1111 2883 (vel
1140 2835 1252 2885 terit)
1295 2847 1364 2873 ore
1400 2835 1496 2882 cod;
1536 2833 1790 2873 moribundo
1835 2835 1980 2873 tinniit

601 2916 670 2942 ore
701 2904 965 2956 Spengelius3
996 2905 1279 2944 moribundus
1309 2907 1467 2945 detinet
1496 2919 1565 2945 ore
1586 2906 1751 2945 Keilius.
1776 2906 1836 2945 Cf.
1860 2905 1976 2945 Pind.

600 2974 724 3013 Theb.
756 2974 850 3023 3713
881 2974 982 3023 376;
1015 2975 1114 3014 Stat.
1147 2975 1274 3015 Theb.
1306 2976 1346 3025 9,
1378 2975 1482 3023 349;
1521 2977 1570 3015 cf.
1603 2977 1721 3015 etiam
1743 2976 1856 3016 Ovid.
1882 2976 1976 3015 Mel.

598 3045 638 3093 5,
670 3044 722 3083 84
748 3050 787 3084 et
815 3045 882 3095 12,
914 3045 992 3085 118
1021 3047 1276 3086 moribundo
1305 3048 1469 3086 vertice.

269 3192 414 3229 lNom.
451 3194 546 3240 plur.
584 3195 667 3232 fem.
706 3199 901 3242 praeterea
936 3198 1035 3243 apud
1074 3198 1191 3233 alium
1230 3199 1453 3234 historicum
1495 3198 1680 3234 occurrit:
1719 3198 1811 3234 Bell.
1847 3199 1918 3234 Afr.
1956 3201 1977 3234 Ξ).

172 3258 281 3284 naves
306 3249 541 3286 errabundae.
