2373 3700
361 250 413 288 14
1193 254 1344 281 PREHN.

600 403 658 441 vel
700 403 748 440 de
784 400 945 451 agmine
987 404 1023 438 et
1068 399 1245 437 exercitu
1289 398 1443 447 (Livius
1480 398 1600 436 etiam
1645 397 1694 436 de
1736 397 2028 444 multitudine,
2060 395 2164 442 acie,

596 473 749 523 plebe).
796 472 942 510 Mirum
972 474 1031 509 est
1073 470 1176 520 quod
1221 470 1326 507 inter
1370 469 1557 507 undecim
1598 467 1780 518 exempla
1808 467 1997 506 Curtiana
2028 478 2166 504 novem

601 543 642 580 in
692 545 826 580 octavo
878 544 917 579 et
965 552 1069 578 nono
1122 539 1237 586 libro,
1288 537 1326 576 id
1382 542 1437 576 est
1495 537 1616 575 finem
1670 548 1808 574 versus
1855 537 1974 574 totius
2020 535 2166 586 operis,

605 613 880 651 inveniuntur.

472 756 727 804 Singularern
757 758 920 804 occupat
950 753 1081 790 locum
1111 755 1316 799 Trogus
1346 753 1667 798 Pompeiusg
1701 761 1792 787 nam
1826 748 1979 799 primus
2008 748 2170 799 quidem

365 827 492 864 utitur
522 827 648 864 forma
679 825 1016 863 exsultabundus
1041 837 1047 861 :

368 914 429 962 18,
453 915 492 963 7,
524 915 577 953 10
608 927 794 952 aususne
823 926 879 962 es,
909 935 963 941 —
990 913 1102 951 velut
1140 921 1486 950 EXSULTABUNDUS
1526 909 1724 947 intrare?
1761 921 1886 959 eaque
1928 908 1969 947 in
1999 921 2042 947 ea
2073 920 2170 946 con-

607 985 838 1033 structione,
879 996 1000 1034 quam
1032 983 1324 1022 nominativum
1368 995 1461 1020 cum
1491 981 1688 1019 infinitivo
1725 984 1866 1018 vocant
1905 979 2169 1027 grammatici.

608 1057 761 1095 Deinde
791 1055 898 1093 solus
928 1055 1032 1093 inter
1061 1068 1200 1093 omnes
1230 1054 1443 1105 scriptores
1472 1053 1540 1091 tali
1567 1066 1615 1091 ex
1645 1052 1772 1090 forma
1795 1052 1972 1090 dativum
2002 1051 2174 1102 pendere

607 1127 753 1166 voluit:

391 1201 430 1249 6,
462 1200 501 1250 8,
532 1199 583 1237 13
613 1204 739 1248 atque
767 1199 828 1236 ita
857 1198 969 1236 velut
997 1200 1377 1235 GRATULABUNDUsl
1408 1206 1582 1234 PATmAss
1610 1195 1856 1244 exspiravit.
1888 1194 1982 1232 Post

366 1272 434 1319 23,
465 1271 504 1319 4,
565 1270 591 1307 5
620 1270 684 1307 illi
723 1280 855 1319 qenus
898 1267 1120 1305 sordidum
1164 1270 1289 1315 atque
1319 1265 1424 1303 adeo
1453 1275 1726 1303 PUDIBUNDUM
1756 1275 1850 1302 FUIT
1891 1263 2057 1302 verbum
2088 1275 2176 1314 per-

609 1339 744 1378 sonale
803 1350 893 1376 cum
934 1336 1241 1386 pudibundum
1277 1334 1481 1372 coniunxit
1505 1338 1546 1381 3‘2
1585 1334 1654 1372 sed
1699 1334 1832 1372 nescio
1873 1346 1924 1372 an
1970 1333 2034 1371 hic
2078 1345 2175 1371 usus

609 1411 766 1450 Justino
815 1410 945 1461 polius
983 1421 1103 1459 quam
1150 1407 1340 1458 Pompeio
1383 1407 1511 1456 Trogo
1541 1407 1591 1444 sit
1620 1406 1931 1453 vindicandum3
1971 1409 2176 1457 praeterea

611 1483 685 1520 hoc
713 1482 795 1519 loco
815 1479 1051 1519 vocabulum
1084 1478 1284 1528 significat
1309 1478 1580 1527 pudendum.
1605 1478 1707 1515 Cum
1727 1477 1950 1515 accusativo
1970 1476 2176 1514 coniunxit

609 1553 943 1593 meditabundus
963 1566 970 1590 1

368 1625 436 1671 38,
469 1626 508 1672 3,
568 1625 590 1663 7
620 1637 724 1663 nam
758 1636 902 1662 omnes
933 1625 1008 1661 bas
1038 1627 1180 1673 yentes
1224 1622 1437 1660 Ronmm
1479 1632 1797 1659 MEmTARUNDUS
1840 1632 2003 1659 BELLUM
2033 1643 2084 1649 —
2112 1621 2178 1658 in-

613 1697 786 1743 leaeerat,
818 1699 857 1733 et
887 1707 956 1745 pro
980 1694 1141 1743 pudico
1171 1693 1301 1743 posuit
1330 1692 1583 1742 pudibundo
1608 1705 1615 1730 :

370 1767 439 1815 38,
470 1767 508 1811 8,
530 1767 582 1805 10
611 1779 719 1817 quae
749 1767 866 1805 omni
895 1766 1035 1803 studio
1066 1764 1317 1802 occultanda
1347 1774 1582 1802 PUDIBUNDO
1611 1764 1700 1800 viro
1729 1768 1866 1801 erant.

477 1909 629 1947 Novam
659 1909 830 1946 formam
861 1911 922 1945 ter
950 1906 1065 1945 nobis
1096 1904 1257 1955 praebet
1301 1906 1551 1943 Valerius
1588 1907 1853 1943 Maximus
1895 1903 1974 1954 (ed.
2007 1904 2174 1954 Halm):

371 1980 438 2023 70,
478 1979 531 2017 25
588 1980 784 2017 inventus
827 2001 877 2006 —
923 1988 1155 2016 IOCABUNDA
1194 1981 1332 2026 yestus
1376 1976 1558 2022 adiecit3
1592 1975 1659 2024 54,
1699 1975 1751 2013 20
1788 1987 1884 2013 cum
1923 1986 2179 2014 IOCABUNDUS

587 2054 886 2096 reverteretur3
929 2047 1022 2097 130,
1055 2047 1080 2085 9
1110 2058 1368 2086 IOCABUNDUS
1409 2047 1588 2085 inlisum
1632 2048 1760 2084 humo
1795 2068 1847 2074 —
1876 2046 1997 2084 edere
2026 2059 2178 2084 sonum

584 2121 729 2170 eoeqit,
760 2120 906 2170 quibus
936 2119 1064 2157 isdem
1097 2118 1228 2155 verbis
1267 2117 1394 2155 utitur
1422 2117 1536 2155 Paris
1565 2117 1815 2167 epitomator,
1846 2116 1914 2167 qui
1944 2120 2079 2155 tamen
2110 2129 2180 2167 pro

585 2190 677 2239 261,
708 2189 760 2227 ’18
790 2190 951 2228 iacebat
980 2190 1069 2239 ipse
1099 2190 1146 2226 in
1176 2188 1324 2226 lectulo
1357 2199 1597 2226 nomn-uxrio
1627 2187 1780 2225 similis
1810 2186 1974 2238 praebet
2002 2187 2050 2224 in
2081 2187 2180 2225 lecto

584 2261 785 2298 morienti
814 2260 981 2297 similis.
1015 2259 1144 2297 Semel
1175 2258 1296 2296 etiam
1325 2258 1453 2295 utitur
1481 2258 1608 2296 forma
1638 2258 1963 2295 tremibundus:
2003 2256 2097 2305 311,
2129 2257 2180 2294 ‘22

587 2336 631 2368 ut
660 2343 701 2368 se
732 2330 940 2381 (desrtera)
968 2338 1235 2368 TREMIBUNDA
1264 2329 1450 2367 Pindari
1479 2328 1656 2378 qenibus
1685 2329 1978 2366 summitteret.

480 2473 655 2512 Transeo
693 2485 817 2521 nune,
864 2476 907 2509 ut
951 2471 1073 2510 finem
1113 2483 1249 2509 rerum
1281 2470 1522 2520 scriptorum
1552 2470 1710 2518 faciam,
1742 2469 1789 2507 ad
1822 2472 2081 2518 Tacitum,
2112 2469 2179 2519 qui

375 2547 415 2582 et
444 2544 527 2594 ipse
556 2544 652 2581 haec
680 2544 871 2581 adiectiva
901 2542 1073 2580 verbalia
1104 2555 1183 2580 non
1214 2542 1336 2580 refert
1364 2541 1442 2579 nisi
1472 2541 1519 2578 ad
1551 2553 1741 2591 personas
1771 2545 1808 2578 et
1837 2541 1905 2591 qui
1926 2540 2181 2578 nominativis

376 2614 469 2652 solis
499 2614 639 2652 utitur.
673 2614 731 2652 De
759 2614 891 2652 verbis
920 2614 1132 2663 speculari
1161 2617 1197 2651 et
1229 2613 1450 2662 deprecari
1480 2612 1636 2663 primus
1665 2612 1875 2650 formavit:
1920 2612 2025 2650 Hist.
2058 2611 2097 2660 4,
2130 2610 2182 2649 50

376 2685 449 2723 ubi
479 2696 826 2723 SPECULABUNDUS
855 2684 1109 2733 substiterat,
1133 2688 1171 2721 et
1189 2684 1296 2721 Ann.
1319 2682 1386 2731 15,
1411 2682 1463 2720 53
1491 2687 1538 2721 ut
1567 2683 1805 2721 Lateranus
1834 2693 2181 2720 DEPRECABUNDUs

375 2761 413 2794 et
442 2756 620 2806 genibus
651 2779 703 2784 —
732 2755 927 2794 accidens
951 2759 1235 2804 prosterneret
1264 2755 1489 2793 iacentem.
1521 2753 1731 2791 Praeterea
1761 2765 1859 2790 usus
1887 2752 2069 2801 congruit
2088 2765 2181 2790 cum

375 2827 518 2864 ceteris
547 2839 686 2865 rerum
717 2824 977 2876 scriptoribus
998 2838 1005 2862 :
1038 2825 1135 2863 ibid.
1160 2824 1200 2873 1,
1227 2823 1274 2861 17
1296 2824 1409 2862 velut
1438 2834 1804 2862 CONCIONABUNDUS
1823 2846 1874 2850 —
1896 2823 2183 2873 interroqabat

376 2898 445 2947 (cf.
488 2898 571 2936 Liv.
619 2898 659 2947 3,
700 2897 767 2946 47,
806 2898 859 2944 23
902 2896 942 2944 1,
985 2895 1053 2940 54,
1098 2895 1146 2943 6;
1189 2896 1229 2945 2,
1273 2895 1338 2942 45,
1373 2895 1420 2942 7;
1469 2895 1579 2933 Curt.
1623 2893 1663 2943 6,
1694 2893 1734 2942 8,
1765 2892 1863 2944 13);
1904 2892 2001 2930 ibid.
2034 2892 2100 2941 11,
2131 2893 2182 2931 18

376 2980 703 3007 PRAEDABUNDUS
748 2968 967 3007 Gallorum
1010 2968 1200 3005 manime
1244 2978 1364 3004 oram
1409 2965 1622 3011 rastabat;
1663 2964 1758 3002 ibid.
1801 2964 1840 3008 1,
1886 2963 1909 3000 7
1967 2976 2181 3013 nusquam

474 3161 485 3185 1
515 3160 567 3195 Cf.
594 3161 671 3195 Liv.
698 3160 730 3204 3,
757 3160 812 3195 27.
840 3160 861 3194 3
885 3160 1135 3204 9²·atifiecmtes
1161 3159 1314 3193 ducibus
1339 3156 1553 3192 clamabant.

472 3224 488 3249 2
515 3225 567 3259 Cf.
594 3236 627 3268 p.
655 3226 678 3257 4
703 3224 824 3258 Plaut.
851 3224 984 3258 Bacch.
1014 3224 1090 3258 192.
