2373 3700
177 294 232 347 [9]
758 303 837 330 nnn
869 302 1065 329 ixrmiru·
1094 303 1158 330 Bm
1190 302 1400 330 mmcms.
1930 294 1982 333 67

177 465 340 492 cernere
370 453 427 490 fas
458 455 533 490 est.
564 473 617 480 —-
646 450 814 489 Nefas
842 450 882 499 2,
912 449 990 488 127
1029 451 1120 501 quis
1165 454 1284 500 neget
1312 463 1399 490 esse
1429 452 1541 490 nefas
1574 452 1743 490 invitum
1786 453 1982 504 prendere

176 523 374 562 mundum
404 527 443 560 et
471 545 522 550 —
551 521 772 568 deducere3
803 520 843 569 4,
874 519 952 558 922
992 521 1083 571 quis
1119 525 1229 571 putet
1271 533 1357 559 esse
1388 523 1499 560 nefas
1546 523 1669 560 nosci.
1712 544 1763 550 —
1798 522 1980 562 Fatum

175 593 214 642 2,
247 592 326 631 114
355 593 545 631 materiae
580 593 707 630 fatum
750 596 810 630 cst
851 591 950 641 cogi,
997 591 1066 629 sed
1107 604 1248 642 cogere
1288 592 1465 639 mund0;
1513 592 1553 641 2,
1597 592 1675 631 149
1717 593 1790 631 hoc
1824 605 1982 644 quoque

178 664 351 702 fatorum
381 668 440 702 est
469 663 597 713 legem
629 663 854 714 perdiscere
893 662 977 700 fati.
1016 685 1070 690 -—
1098 662 1237 713 Opus
1276 662 1316 712 3,
1346 662 1400 701 30
1428 663 1600 702 condere
1633 694 1640 701 .
1673 664 1853 702 carmina
1890 664 1979 702 vul-

176 738 314 784 gatum
345 739 404 773 est
433 747 548 785 opus.
577 756 629 762 ——
660 733 906 772 Pretium
936 733 975 781 4,
1006 732 1053 771 11
1089 746 1299 772 summum
1319 747 1465 772 census
1495 735 1670 785 pretium
1698 739 1755 773 est
1777 735 1982 774 effundere

178 817 358 843 censum.
392 828 443 833 —
472 805 600 843 Laus
629 805 669 853 5,
700 804 777 842 497
816 805 902 843 laus
940 809 1001 843 est
1043 805 1286 844 contendere
1325 809 1483 843 cuncta.
1515 828 1569 833 —
1608 806 1704 843 Ars
1732 805 1772 855 5,
1811 804 1890 843 309
1918 818 1982 844 ar>¹

177 881 264 914 erat
292 888 379 914 esse
409 880 578 926 patrem.
611 898 662 904 —-
691 874 942 913 Studium
970 874 1011 923 5,
1042 874 1121 912 189
1150 880 1245 913 sunt
1273 875 1421 926 quibus
1457 876 1498 913 in
1540 880 1659 926 ponto
1703 876 1881 914 studium
1922 887 1965 913 es

175 947 327 998 cepisse
357 948 531 985 ferarum
566 977 574 985 .
608 946 728 985 facies
757 951 796 985 et
834 969 886 974 —
915 950 1095 984 sternere
1132 968 1185 975 —
1215 946 1408 984 lacessere
1435 968 1489 975 -—
1526 946 1672 985 colare.
1703 969 1754 974 —
1791 947 1980 985 Malum

174 1017 214 1066 5,
245 1016 323 1055 114
351 1017 569 1055 minimum
612 1017 801 1056 cecidisse
845 1017 995 1055 malum
1035 1022 1108 1056 est.
1155 1040 1208 1046 --
1252 1017 1418 1055 Endlich
1449 1017 1552 1055 wird
1593 1017 1725 1055 durch
1760 1017 1985 1067 Konjektur

175 1087 370 1137 Scaligers
412 1088 513 1126 noch
557 1088 855 1126 aufzunehmen
897 1088 1007 1126 sein:
1053 1088 1276 1126 Animus
1318 1086 1357 1136 4,
1399 1087 1478 1125 573
1520 1100 1620 1126 neve
1649 1087 1700 1125 sit
1745 1087 1784 1125 in
1833 1087 1982 1138 primos

175 1157 335 1196 animus
364 1158 581 1210 procedere
610 1157 746 1196 Pisces
776 1157 871 1208 (vgl.
905 1158 1006 1196 oben
1037 1171 1076 1209 p.
1099 1158 1158 1208 5).

281 1228 360 1267 Der
389 1228 643 1267 Infinitiv
682 1229 814 1267 nach
858 1229 1190 1279 Adjektiven
1229 1229 1330 1267 und
1360 1228 1666 1267 Adverhien
1696 1228 1747 1267 ist
1789 1228 1850 1266 bei
1893 1228 1980 1267 Ma-

177 1299 297 1337 nilius
328 1299 440 1337 niclit
470 1300 564 1337 sehr
594 1299 755 1349 hiiufig3
788 1313 830 1338 es
869 1300 1002 1338 finden
1035 1300 1118 1338 sich
1159 1301 1353 1339 zuniichst
1381 1300 1566 1350 folgende
1604 1300 1889 1351 Adjektiva
1919 1301 1980 1338 ini

175 1370 431 1409 Neutrum
462 1371 545 1408 als
575 1370 848 1409 Priidikat
876 1384 985 1410 zum
1016 1371 1305 1410 Infinitiv:
1339 1371 1522 1410 Facile
1565 1372 1669 1409 stelit
1708 1371 1748 1419 3,
1776 1371 1828 1409 26
1870 1371 1983 1409 facilc

177 1446 236 1480 est
270 1473 277 1479 .
309 1442 405 1480 dare
434 1442 519 1480 vela
548 1464 601 1470 —
629 1442 783 1491 agitare
811 1466 864 1471 -—
892 1443 1062 1490 addere3
1101 1443 1141 1492 3,
1172 1442 1251 1480 296
1281 1442 1393 1480 facile
1423 1447 1482 1480 est
1525 1465 1576 1470 —-
1605 1454 1784 1481 noscere.
1817 1465 1868 1471 -—
1897 1442 1981 1480 Fa-

176 1515 278 1554 tale
307 1516 347 1563 4,
378 1512 456 1551 ’118
485 1514 557 1553 hoc
591 1543 600 1552 .
635 1515 752 1556 fatale
774 1519 848 1562 est,
882 1515 937 1552 sic
958 1514 1091 1564 ipsum
1117 1513 1343 1564 expendere
1366 1512 1582 1551 mundum.
1614 1535 1667 1540 —
1696 1513 1983 1551 Iucundum

175 1586 214 1635 5,
246 1587 324 1625 432
354 1587 574 1626 iucundum
616 1592 673 1626 est
705 1598 912 1638 quaerere.
943 1608 997 1614 —
1026 1584 1270 1635 Simplex
1299 1583 1339 1633 3,
1370 1584 1423 1622 30
1450 1583 1621 1622 condere
1655 1614 1661 1621 .
1694 1584 1872 1621 carmina
1902 1583 1986 1621 vul-

178 1662 314 1707 gatum
346 1662 405 1696 est
435 1671 535 1709 opus
566 1663 604 1697 et
635 1670 874 1709 componere
903 1656 1087 1708 simplex.
1119 1678 1170 1683 —
1213 1655 1389 1693 Minus
1419 1655 1459 1704 4,
1492 1654 1571 1692 913
1600 1667 1650 1693 an
1682 1654 1817 1693 minus
1846 1659 1905 1693 est
1932 1677 1985 1682 —

175 1729 319 1767 ducere
352 1760 359 1766 .
391 1742 511 1780 quam
542 1752 595 1758 —
623 1729 845 1768 attendere.
889 1752 943 1756 —
985 1727 1259 1774 Quantum
1297 1726 1337 1775 3,
1368 1725 1422 1764 34
1450 1726 1546 1777 quid
1561 1727 1580 1764 ‘3
1623 1726 1754 1764 dicere
1788 1730 1984 1777 quantum

176 1803 236 1836 est
263 1821 316 1827 —-
344 1799 439 1849 quid
455 1800 474 1837 ἶ)
506 1799 672 1848 iungere
704 1799 805 1850 (cod.
838 1799 872 1837 G
900 1799 968 1837 hat
996 1811 1046 1837 an
1077 1798 1221 1836 beiden
1252 1797 1401 1836 Stellen
1431 1797 1570 1848 quod).
1614 1819 1658 1826 -
1693 1796 1859 1835 Endlich
1881 1796 1983 1835 steht

177 1870 248 1908 der
278 1870 455 1908 Infinitiv
475 1871 578 1908 nach
610 1870 796 1909 relictu
814 1883 852 1907 m
884 1874 961 1908 est
989 1869 1029 1918 5,
1060 1869 1131 1907 401
1156 1869 1257 1907 nihil
1278 1873 1338 1907 est
1357 1868 1506 1906 audere
1532 1868 1732 1906 relictum.
1763 1868 1981 1917 Draegers¹

176 1939 460 1991 Behauptung,
492 1941 595 1980 nach
637 1941 880 1991 relinquitur
923 1940 1062 1978 stiinde
1104 1940 1169 1978 nie
1198 1939 1269 1977 der
1309 1939 1501 1987 Infinitiv,
1548 1939 1599 1976 ist
1637 1938 1718 1976 also
1765 1938 1982 1987 unriclitig,

173 2011 247 2049 wie
276 2012 378 2049 auch
409 2013 531 2050 sehon
555 2012 766 2050 Scl1midt2
795 2012 922 2049 durch
951 2012 1040 2050 eine
1061 2011 1182 2050 Stelle
1212 2011 1273 2049 bei
1296 2011 1431 2049 Lucan
1459 2010 1784 2060 nachgewiesem
1817 2014 1980 2047 restat

174 2082 352 2132 dagegen
383 2083 591 2122 verbindet
621 2083 809 2121 Manilius
841 2082 914 2120 mit
943 2087 987 2120 ut
1017 2081 1073 2132 (1,
1103 2081 1214 2132 561).

282 2151 621 2190 Personlich
660 2151 1003 2201 gebrauchte
1046 2150 1343 2199 Adjektiva
1387 2150 1461 2188 mit
1504 2150 1595 2188 dem
1626 2149 1806 2187 Infinitiv
1842 2150 1910 2188 hat
1939 2163 1982 2188 er

174 2222 378 2273 folgende:
410 2222 720 2271 Contentus,
756 2222 856 2261 nach
887 2222 979 2261 (lem
1010 2221 1198 2260 Vorhilde
1218 2221 1354 2270 Ovids,
1387 2220 1426 2269 1,
1448 2221 1527 2259 465
1547 2222 1698 2260 formas
1719 2221 1948 2270 disiungere
1973 2252 1979 2259 .

174 2297 357 2332 contenta
386 2297 424 2331 et
457 2324 464 2331 .
497 2293 730 2341 ostendere3
762 2292 801 2342 1,
825 2292 903 2330 503
933 2293 1029 2331 haec
1059 2296 1245 2331 contenta
1273 2316 1327 2320 -—
1356 2293 1516 2330 ssectere
1549 2322 1556 2329 .
1591 2291 1656 2329 ille
1675 2313 1729 2319 ——
1749 2304 1913 2341 surgere
1932 2315 1985 2320 —

174 2365 410 2411 (lecurrere3
442 2364 482 2413 2,
512 2363 588 2402 297
634 2367 845 2402 contentus
886 2364 961 2402 erit
1002 2376 1262 2411 numerasse;
1307 2363 1347 2412 3,
1387 2362 1440 2400 39
1471 2363 1567 2413 (res)
1616 2367 1800 2400 contenta
1835 2362 1978 2401 doceri.

176 2435 325 2474 Ferner
361 2435 583 2485 gebraucht
625 2447 669 2474 er
698 2439 879 2486 potens
923 2434 964 2483 5,
995 2433 1207 2472 163-169
1253 2434 1318 2473 ille
1359 2455 1412 2462 ——
1451 2434 1613 2472 eludere
1660 2439 1830 2480 caestus,
1876 2446 1982 2472 nunc·

174 2506 281 2544 exire
313 2506 408 2544 levis
442 2537 451 2545 .
482 2519 591 2545 nunc
621 2507 780 2545 mittere
812 2506 980 2557 palmas,
1012 2505 1077 2544 ille
1098 2528 1149 2534 —-
1171 2506 1339 2544 reddere
1363 2536 1372 2545 .
1395 2509 1433 2543 et
1455 2535 1464 2544 .
1490 2517 1659 2556 pensare
1682 2534 1691 2542 .
1715 2508 1751 2542 et
1775 2504 1911 2542 ludere
1932 2527 1985 2532 —-

174 2577 395 2627 glomerare
421 2590 456 2623 .;
481 2577 545 2615 ille
574 2581 713 2628 potens
749 2608 755 2615 .
790 2577 1030 2628 perfundere
1051 2600 1101 2604 —
1121 2576 1349 2627 disponere.
1382 2577 1560 2623 Draeger
1581 2576 1727 2613 crkliirt
1761 2575 1864 2613 nach
1896 2575 1986 2612 dem

177 2646 381 2697 Vorgange
424 2659 498 2684 von
542 2646 736 2695 Kijbler,3
781 2647 870 2684 hier
915 2647 970 2684 sei
1017 2651 1155 2697 potens
1211 2646 1442 2684 wirkliches
1488 2645 1747 2694 Adjektivum
1794 2644 1876 2683 und
1928 2645 1984 2682 als

175 2717 328 2756 solches
359 2717 446 2756 hier
475 2722 606 2756 zuerst
636 2717 708 2755 mit
737 2717 827 2755 dem
858 2717 1037 2755 Infinitiv
1063 2717 1314 2766 verbunden,
1346 2717 1540 2755 withrcnd
1571 2728 1612 2754 es
1642 2719 1699 2754 als
1723 2715 1983 2765 participium

174 2789 297 2827 sehon
328 2789 390 2827 bei
422 2789 575 2827 Ennius
606 2802 648 2827 so
677 2788 901 2838 gebraucht
930 2788 1010 2835 sei3
1051 2788 1100 2826 oh
1128 2788 1260 2827 dieser
1290 2788 1557 2827 Unterschied
1588 2787 1684 2825 aber
1712 2786 1895 2825 wirklich
1936 2798 1982 2824 zu

176 2860 343 2898 maclien
375 2860 440 2908 ist,
472 2860 675 2898 erscheint.
716 2860 817 2898 doch
863 2859 1114 2904 zweifelhaft,
1158 2860 1207 2897 da
1238 2860 1326 2899 hier
1355 2863 1495 2910 potens
1526 2859 1598 2910 (sc.
1631 2858 1722 2908 erit)
1766 2858 1869 2895 auch
1906 2869 1983 2895 nur

176 2930 263 2968 eine
292 2930 618 2981 Umschreibung
657 2932 722 2969 fiir
752 2931 891 2982 poterit
932 2930 996 2969 ist.
1028 2953 1081 2959 —-
1110 2931 1208 2970 Eine
1237 2931 1456 2979 Neuerung
1487 2930 1559 2967 des
1590 2929 1778 2967 Manilius
1817 2928 1865 2966 ist
1911 2927 1982 2966 der

271 3106 281 3130 ¹
312 3117 344 3140 a.
371 3116 403 3141 a.
430 3105 471 3140 Ο.
498 3105 530 3139 Ῑῐ
556 3117 588 3150 p.
615 3105 697 3141 357.

268 3169 283 3186 r)

269 3187 284 3194 κ
311 3181 340 3205 a.
370 3181 400 3204 a.
430 3169 470 3205 Ο.
496 3182 529 3214 p.
559 3171 614 3205 15.

266 3233 282 3258 3
308 3234 473 3279 Draeger
499 3245 531 3268 a.
559 3245 590 3268 a.
618 3234 658 3269 O.
685 3234 720 3268 ΙΙ
744 3245 777 3279 p.
805 3233 885 3268 372.
912 3233 1066 3278 Kiibler,
1106 3233 1157 3267 De
1196 3231 1378 3266 infinitivo
1418 3230 1518 3276 apud
1555 3230 1810 3264 Romanorum
1846 3230 1976 3273 poetas

174 3302 195 3325 a
220 3290 432 3325 nominibus
460 3289 653 3324 adiectivis
681 3292 780 3334 apto.
807 3289 929 3325 Berol.
958 3290 1061 3325 1861.
1087 3288 1217 3333 Progr.
1246 3299 1280 3332 p.
1309 3288 1362 3321 12.
