2373 3700
337 250 415 289 ¹128
1112 257 1357 285 scnoffimxx
1366 275 1375 284 .
2095 248 2148 300 [8]

338 408 434 459 quin
478 409 551 445 hoc
598 406 795 457 pertineat
841 405 889 443 ad
940 405 1035 442 illud
1077 404 1181 455 quod
1219 404 1450 455 praecedit:
1500 404 1648 448 ἁνταὶος
1684 404 1702 443 ὁ
1748 403 1903 457 βλάβης
1932 395 2065 449 ἀξιοςῗ)
2108 419 2152 444 eo

340 480 462 529 igitur
492 478 836 529 transponendum
865 481 939 514 est.

447 552 545 595 lam,
579 550 698 588 stud
714 549 937 596 emundi,
971 552 1059 599 pcto
1090 552 1147 596 ut,
1178 560 1283 598 quae
1312 552 1372 585 est
1402 548 1442 585 in
1464 548 1495 586 T
1509 560 1531 585 e
1561 548 1809 596 humanitas,
1842 561 1892 586 ne
1922 548 2153 595 dedigneris

340 622 443 659 banc
474 634 604 660 meam
634 620 941 670 qualemcunque
970 619 1155 670 opellam,
1199 632 1301 669 quae
1342 618 1468 656 sentio
1497 631 1617 669 quain
1650 631 1792 669 parurn
1837 620 1868 657 T
1886 632 1906 657 o
1936 620 2057 667 (ligna
2088 621 2151 659 sit.

341 692 381 729 in
411 691 545 729 animo
574 691 623 729 ab
654 691 768 729 initio
796 695 881 729 erat
911 690 1084 728 scribere
1112 690 1161 727 de
1191 689 1267 728 alio
1295 690 1469 740 quodam
1500 690 1699 740 scriptore
1738 691 1853 728 cuius
1892 691 2083 741 reliquiae
2112 692 2153 730 in

340 762 656 812 Etymologicum
678 766 976 812 transsumptae
997 765 1144 805 essent,
1163 762 1314 811 quique
1336 761 1470 798 minus
1493 762 1658 799 sortasse
1679 761 1855 799 taedium
1884 765 1922 799 et
1943 762 2155 800 scribentis

338 838 376 871 et
404 833 623 883 legentium
652 856 706 861 —
734 833 765 870 si
795 833 861 883 qui
893 837 1012 870 crunt
1047 855 1097 860 —-
1128 832 1334 870 movisset:
1383 836 1436 879 at,
1470 835 1512 869 ut
1543 831 1627 869 sieri
1659 831 1771 879 solet,
1804 832 1909 870 inter
1938 832 2150 880 colligendi

339 904 579 954 excerpendi
608 904 843 956 disponendi
876 903 1051 942 laborem
1084 903 1274 942 materiae
1303 903 1525 953 amplitudo
1543 902 1641 940 adeo
1662 903 1951 951 succrescebat,
1983 907 2029 940 ut
2048 903 2153 942 vires

342 987 452 1012 meas
494 975 535 1012 in
577 975 801 1025 praesentia
845 974 1010 1025 quidem
1051 979 1258 1025 superaret
1297 979 1337 1013 et
1375 978 1419 1012 ut
1461 974 1718 1024 desperarem
1760 974 1842 1012 fore
1883 978 1927 1012 ut
1957 975 2155 1025 proposito

341 1049 519 1095 tempore
549 1046 805 1096 scriptionem
837 1058 966 1083 meam
997 1045 1259 1091 absolverem,
1291 1058 1414 1096 quare
1446 1049 1598 1082 mutato
1629 1044 1792 1082 consilio
1823 1049 2023 1095 postremo
2044 1045 2152 1083 subi-

344 1114 444 1152 taria
480 1116 651 1166 quadarn
691 1121 730 1154 et
771 1116 1034 1155 tumultuaria
1065 1116 1264 1154 scribendi
1295 1118 1448 1155 ratione
1477 1129 1576 1167 opus
1618 1121 1732 1162 erat;
1775 1120 1895 1166 atque
1934 1117 2055 1155 etiam
2099 1117 2154 1154 sic

344 1198 470 1235 paene
499 1200 578 1225 non
609 1188 840 1236 contigisset
871 1192 915 1226 ut
945 1188 1050 1226 inter
1080 1188 1445 1237 congratulantium
1476 1186 1592 1225 Tibi
1633 1187 1792 1224 turbam
1840 1198 1974 1224 meum
2006 1187 2155 1238 aliquid

347 1263 465 1303 osset,
511 1259 588 1297 nisi
619 1260 670 1308 ei,
716 1260 865 1310 quibus
906 1260 1054 1298 sanitas
1084 1259 1241 1310 publica
1270 1260 1311 1297 in
1341 1263 1475 1297 nostra
1505 1258 1605 1297 urbe
1634 1258 1782 1296 tuenda
1812 1257 2051 1296 demandata
2080 1263 2154 1306 est,

348 1340 412 1365 me
442 1341 609 1367 munere
639 1329 796 1380 publico
828 1330 1031 1377 fungendo
1060 1330 1375 1381 prohibuissent.
1422 1329 1614 1379 correptis
1654 1328 1763 1366 enim
1811 1328 1969 1366 duabus
2015 1327 2156 1378 puellis

349 1399 536 1438 insidioso
566 1401 631 1438 illo
661 1401 814 1450 morbo,
857 1402 918 1439 cui
961 1402 1196 1440 scarlatinae
1226 1402 1365 1439 medici
1397 1413 1544 1440 nomen
1577 1402 1771 1447 fecerunt,
1814 1412 1892 1450 quo
1922 1399 2082 1437 accessit
2114 1405 2157 1438 ut

348 1482 399 1508 ne
429 1470 603 1509 filiorum
635 1472 797 1522 quidem
828 1472 1107 1511 triumviratus
1136 1472 1239 1511 bona
1268 1472 1496 1510 valetudine
1517 1475 1619 1509 esset
1645 1474 1684 1509 et
1702 1470 1761 1508 vel
1784 1471 1867 1520 ipsa
1888 1482 1989 1508 uxor
2009 1469 2158 1520 aliquot

349 1541 490 1579 diebus
519 1543 724 1580 curatione
754 1543 953 1592 indigeret
981 1566 1031 1572 —
1061 1556 1165 1594 quae
1195 1548 1290 1581 sunt
1320 1542 1621 1581 chanensiuni
1651 1541 1714 1579 lex
1744 1545 1864 1591 atque
1894 1540 2076 1578 instituta
2105 1563 2158 1570 -

349 1612 459 1649 omni
488 1613 601 1662 quasi
633 1615 922 1653 consuetudine
951 1616 1131 1653 humana
1159 1614 1365 1653 interclusi
1395 1626 1572 1661 eramus,
1604 1625 1682 1662 quo
1711 1612 1789 1649 otio
1819 1610 1941 1649 invito
1971 1610 2023 1648 ita
2043 1616 2158 1649 uten-

352 1682 449 1720 dum
480 1685 613 1735 putavi
643 1691 685 1724 ut
709 1687 851 1735 exigua
875 1687 948 1725 hac
970 1687 1184 1738 scriptione
1205 1687 1451 1725 declararem
1472 1699 1592 1736 quam
1615 1684 1753 1722 libenti
1776 1683 1911 1722 animo
1932 1682 2163 1721 recordarer

352 1753 458 1792 illius
488 1756 692 1806 temporis,
724 1769 802 1807 quo
832 1757 1083 1797 institutione
1112 1759 1224 1796 Tua
1255 1757 1597 1808 Gryphiswaldiae
1636 1755 1731 1793 olim
1770 1754 1849 1793 frui
1889 1753 2046 1792 licebat.
2090 1753 2162 1791 Tu

352 1835 459 1875 verO,
491 1838 645 1876 precor,
677 1831 800 1865 totam
831 1828 934 1866 banc
963 1829 1411 1867 commentatiunculam
1443 1828 1533 1866 boni
1566 1826 1765 1865 consulas,
1797 1824 1896 1863 vale.
