2373 3700
179 285 269 339 [11]
767 295 846 322 nien
877 293 1073 320 mrimriv
1105 293 1169 320 DEI
1202 292 1414 319 MAMmus.
1933 279 1985 318 69

177 444 418 492 Nominativ‚
465 442 552 481 teils
580 454 670 480 zum
701 442 926 491 Accusativ,
958 442 998 479 in
1028 441 1207 479 seltenen
1239 440 1372 478 Fiillen
1407 440 1510 478 auch
1551 453 1597 478 zu
1644 440 1776 478 einem
1805 440 1984 479 anderen

178 515 325 554 Kasus.

282 585 352 622 Als
382 583 703 634 Apposition
734 594 843 620 zum
873 581 934 620 Su
947 581 1097 631 bjekt
1126 581 1267 618 stehen
1298 580 1500 618 Infinitive
1522 581 1562 618 in
1592 580 1803 629 folgenden
1824 580 1980 618 Fauen:

178 655 217 703 2,
251 653 462 693 816-819
491 654 585 692 hinc
614 654 723 692 favor
760 657 798 691 et
836 652 985 703 species
1013 656 1131 702 atque
1160 651 1290 689 omnis
1326 651 1454 701 gratia
1486 652 1621 700 vulgi:
1660 652 1824 690 reddere
1853 651 1938 689 iura
1975 682 1980 688 .

176 737 415 776 componere
448 755 455 762 .
488 724 626 762 orbem
658 724 965 774 foederibusque
991 745 1043 751 —
1082 722 1248 772 iungere
1277 726 1417 772 gentes
1448 727 1486 760 et
1514 745 1568 751 -—
1596 722 1782 760 extollere
1810 733 1980 768 nomen;

176 796 215 846 4,
244 794 456 835 244—‘248
486 795 579 833 hinc
607 798 712 832 artes
742 794 1001 844 studiumque
1030 793 1167 840 trahit,
1200 806 1296 831 nam
1327 793 1522 844 quidquid
1555 794 1595 831 in
1625 805 1724 831 usus
1764 793 1867 841 ignis
1895 797 1980 842 eget

182 868 385 920 poscitque
414 878 534 904 novas
563 866 612 904 ad
644 878 813 904 munera
843 865 1041 914 flammas,
1074 864 1149 902 sub
1178 868 1217 902 te
1246 864 1501 902 censendum
1531 866 1617 902 est:
1651 863 1819 901 scrutari
1853 894 1860 900 .
1893 876 1980 901 me-

176 939 270 977 talla
305 969 312 977 .
344 942 381 976 et
423 950 517 988 opes
563 940 792 986 terramque
834 947 1002 974 exurere
1051 966 1058 973 .
1104 935 1397 986 materiamque
1441 957 1494 962 -
1538 934 1741 985 duplicare
1782 937 1979 984 repertam

174 1012 233 1061 (so
264 1011 443 1061 Haupt‚1
486 1008 572 1047 cod.
607 1008 641 1046 G
678 1007 873 1058 duplicari
909 1011 948 1045 et
977 1008 1102 1057 arte);
1149 1007 1189 1056 5,
1221 1006 1301 1044 356
1330 1007 1357 1044 f.
1390 1006 1465 1043 hoc
1508 1009 1567 1043 est
1608 1005 1705 1042 artis
1746 1017 1860 1055 opus,
1903 1018 1982 1043 non

175 1086 405 1132 exspectare
435 1084 642 1131 gementes
671 1083 710 1117 et
739 1078 814 1116 sibi
846 1091 925 1116 non
955 1091 1095 1128 aegros
1124 1101 1175 1107 -—
1204 1078 1367 1116 credere
1397 1089 1542 1123 curae3
1573 1076 1614 1125 5,
1636 1075 1848 1114 371-374
1875 1077 1983 1114 mille

177 1154 302 1190 lluent
331 1156 460 1191 artes:
493 1155 564 1190 aut
593 1150 742 1189 bellum
774 1149 951 1188 indicere
984 1180 992 1187 .
1025 1153 1063 1187 et
1090 1172 1145 1177 —-
1166 1149 1367 1187 volucrem
1401 1160 1622 1198 prensare.
1648 1151 1717 1186 aut
1750 1179 1757 1185 .
1790 1148 1983 1186 damnare

174 1245 228 1251 ——
256 1227 533 1274 pascentemve
563 1234 684 1273 super
717 1251 724 1257 .
758 1220 904 1259 ducere
935 1221 1040 1268 lina;
1082 1220 1122 1269 5,
1153 1219 1233 1257 544
1262 1221 1289 1258 f.
1333 1232 1413 1258 una
1458 1219 1655 1257 malorum
1696 1218 1893 1269 proposita
1923 1223 1981 1256 est

176 1306 351 1332 merces:
389 1324 397 1332 .
430 1293 576 1331 dedere
598 1297 715 1343 ponto
738 1291 1065 1338 Andromedam
1097 1291 1137 1339 5,
1160 1289 1369 1328 659-661
1394 1291 1468 1328 hoc
1491 1290 1612 1329 trahit
1634 1289 1674 1328 in
1695 1290 1823 1340 pelagi
1844 1290 1982 1328 caedes

174 1369 213 1403 et
242 1365 406 1403 vulnera
442 1368 557 1402 natos
599 1363 844 1414 squamigeri
890 1362 1046 1412 gregis:
1082 1393 1090 1400 .
1123 1361 1310 1412 laqueare
1353 1361 1601 1412 profundum
1632 1361 1784 1399 retibus
1820 1365 1858 1399 et
1887 1373 1982 1411 pon-

175 1441 260 1474 tum
296 1467 302 1474 .
335 1448 508 1473 armare.

280 1507 350 1545 Als
409 1506 742 1557 Apposition
804 1518 860 1543 zu
917 1505 1093 1543 einem
1143 1503 1710 1553 Objektsaccusativ
1758 1503 1864 1541 steht
1911 1503 1981 1542 der

174 1578 378 1617 Infinitiv:
412 1578 451 1626 4,
482 1577 561 1616 128
602 1578 643 1615 in
688 1577 951 1627 iugulumque
992 1575 1101 1614 dabit
1143 1576 1297 1614 fructus
1326 1579 1364 1613 et
1393 1596 1445 1603 —
1475 1575 1621 1613 vellera
1657 1574 1833 1612 diversos
1862 1587 1908 1612 ex
1939 1587 1981 1612 se

175 1649 370 1700 parientia
398 1654 618 1700 quaestus:
652 1661 761 1687 nunc
791 1648 1014 1698 glomerare
1047 1676 1056 1685 .
1087 1659 1198 1685 nunc
1232 1677 1239 1684 .
1274 1646 1425 1685 solvere
1468 1646 1593 1694 lanas,
1629 1658 1737 1684 nunc
1773 1649 1939 1684 tenuare
1971 1676 1979 1683 .

176 1720 255 1767 filo,
306 1732 413 1759 nunc
442 1720 589 1758 ducere
636 1720 749 1765 telas,
800 1731 907 1756 nunc
955 1730 1090 1756 emere
1138 1721 1178 1755 et
1217 1739 1269 1745 —
1298 1717 1468 1755 vendere
1501 1722 1661 1764 vestes;
1702 1717 1742 1764 4,
1772 1716 1984 1754 166—172

174 1791 355 1829 attribuit
393 1791 521 1829 varios
566 1794 757 1841 quaestus
796 1794 1007 1840 artemque
1045 1789 1276 1827 lucrorum:
1318 1811 1372 1817 —
1412 1789 1615 1826 fortunam
1657 1789 1761 1826 ferre
1807 1810 1858 1815 —
1895 1791 1931 1825 et
1972 1818 1978 1824 .

174 1875 358 1901 annonae
399 1862 672 1913 speculantem
715 1861 899 1900 incendia
939 1860 1067 1899 ventis
1108 1860 1270 1898 credere
1312 1872 1405 1910 opes
1435 1859 1601 1909 orbique
1633 1890 1641 1897 .
1681 1859 1783 1897 bona
1812 1859 1983 1897 vendere

173 1947 286 1987 posse
327 1938 462 1984 totque
508 1956 559 1961 —-
600 1933 840 1971 commercia
887 1933 1056 1981 iungere
1099 1962 1106 1969 .
1157 1934 1278 1981 atque
1306 1952 1359 1959 —
1401 1930 1613 1980 exquirere
1657 1929 1823 1980 praedas
1865 1934 1903 1967 et
1932 1950 1984 1956 --

172 2017 409 2056 componere
453 2017 625 2051 census;
671 2004 710 2052 4,
756 2003 967 2042 {So—18⁶.)
1006 2003 1079 2041 hoc
1120 2002 1240 2040 habet
1284 2003 1355 2039 hoc
1386 2001 1599 2039 studium:
1635 2005 1766 2051 postes
1795 2012 1938 2038 ornare
1971 2030 1979 2038 .

174 2076 344 2128 pellibus
373 2081 408 2115 et
432 2098 483 2103 —
506 2076 727 2126 praefigere
758 2074 925 2126 praedas
954 2078 993 2112 et
1022 2086 1163 2125 pacare
1197 2105 1203 2111 .
1238 2072 1357 2110 silvas
1387 2076 1423 2109 et
1454 2072 1587 2110 vivere
1618 2077 1757 2122 rapto3
1789 2071 1828 2120 4,
1851 2070 1983 2109 <260—

172 2147 250 2186 265
281 2148 419 2187 tribuit
452 2178 463 2187 .
495 2147 696 2198 Aquarius
735 2150 869 2184 artes:
917 2157 1080 2184 cernere
1119 2167 1171 2173 ——
1208 2144 1352 2188 undas
1396 2143 1586 2182 inducere
1624 2143 1741 2181 terris
1772 2143 1936 2193 ipsaque
1970 2175 1978 2182 .

172 2231 383 2270 aspergere
427 2250 434 2256 .
479 2221 585 2256 astra
630 2216 894 2267 litoribusque
922 2215 1173 2253 —illudere
1214 2218 1332 2265 ponto
1376 2218 1413 2252 et
1459 2244 1466 2251 .
1501 2213 1698 2252 fabricare
1727 2213 1835 2251 lacus
1864 2216 1902 2251 et
1932 2235 1982 2241 —-

174 2290 419 2341 suspendere
449 2290 579 2336 rivos3
610 2288 650 2337 5,
678 2286 836 2326 71—84
864 2287 930 2326 ille
959 2287 1068 2325 dabit
1094 2317 1100 2324 .
1125 2285 1306 2324 studium
1335 2285 1523 2336 caeloque
1553 2288 1757 2323 retentans
1776 2307 1827 2312 —-
1847 2289 1979 2323 artes:

174 2366 279 2399 stare
307 2384 359 2389 —
388 2361 662 2399 moderantem
697 2390 704 2397 .
737 2372 805 2397 ora
845 2381 894 2387 -
925 2362 963 2396 et
991 2358 1150 2395 ssectere
1179 2369 1375 2407 equorum
1409 2387 1418 2396 .
1454 2356 1560 2394 vires
1590 2368 1633 2394 ac
1664 2385 1672 2394 .
1706 2355 1903 2405 stringere
1931 2378 1982 2383 —

172 2431 373 2481 exagitare
416 2432 519 2470 seros
557 2443 810 2482 pronumque
851 2429 1004 2468 anteire
1050 2429 1227 2467 volantes
1271 2429 1416 2479 vixque
1454 2451 1504 2456 --
1532 2427 1764 2477 contingere
1793 2439 1981 2477 campum

173 2504 399 2541 vincentem
444 2533 451 2540 .
496 2506 631 2540 ventos
673 2502 730 2539 vel
777 2532 784 2539 .
832 2503 1036 2539 tenentem
1077 2523 1128 2527 —
1165 2512 1308 2538 cursus
1349 2499 1500 2550 agitare
1548 2529 1558 2537 .
1601 2499 1905 2548 obstantemque
1933 2520 1984 2525 —

174 2572 431 2624 praecludere
473 2571 641 2619 circum,
691 2570 750 2608 vel
782 2570 960 2608 medium
1010 2600 1017 2607 .
1068 2581 1177 2607 nunc
1210 2599 1217 2606 .
1251 2569 1308 2607 ire
1339 2591 1391 2597 —
1421 2568 1613 2607 fidentem
1644 2580 1799 2618 campo,
1831 2579 1939 2605 nunc
1973 2596 1979 2603 .

173 2656 334 2682 currere
369 2674 376 2681 .
409 2654 602 2694 spemque
644 2664 694 2669 —
736 2641 1010 2691 suspendere3
1052 2640 1092 2689 5,
1133 2639 1347 2678 199—205
1383 2652 1495 2678 arma
1538 2671 1545 2678 .
1592 2638 1761 2678 venandi
1811 2638 1978 2676 tribuit:

173 2714 323 2753 catulos
366 2713 521 2752 nutrire
564 2735 615 2740 —
659 2724 790 2750 mores
840 2724 1054 2750 numerare
1099 2734 1151 2740 —-
1194 2711 1380 2762 lentaque
1424 2741 1434 2750 .
1481 2712 1651 2748 formare
1692 2709 1848 2747 hastilia
1891 2739 1898 2746 .
1945 2712 1982 2746 et

171 2785 453 2836 quodcumque
483 2784 580 2822 solet
608 2783 779 2822 venandi
812 2795 973 2834 poscere
1002 2795 1097 2820 cura
1127 2805 1179 2811 —
1208 2782 1401 2820 fabricare
1421 2782 1530 2820 dabit
1561 2781 1655 2833 (vgl.
1687 2781 1789 2819 oben
1808 2793 1847 2831 p.
1870 2779 1893 2817 7
1915 2780 1977 2829 f.).

279 2856 350 2894 Als
379 2855 728 2907 Apposition
766 2867 824 2892 zu
865 2853 1042 2892 einem
1073 2853 1309 2892 Genetiv
1339 2853 1445 2891 stelit
1475 2852 1547 2891 der
1574 2852 1751 2890 Infinitiv
1778 2851 1818 2899 5,
1850 2849 1982 2889 146-

172 2924 245 2963 151
280 2925 357 2964 illis
400 2939 495 2964 cura
533 2926 594 2964 sui
634 2925 766 2964 cultus
805 2925 1027 2975 frontisque
1065 2924 1231 2962 decorae
1273 2935 1432 2974 semper
1471 2923 1561 2971 erit,
1593 2945 1644 2950 —
1673 2935 1820 2973 ponere
1849 2922 1980 2961 crines

172 3001 241 3034 aut
275 3026 282 3033 .
316 3009 496 3036 revocare
535 3010 668 3036 comas
709 3000 744 3034 et
791 3019 842 3024 —
886 2996 1036 3045 fingere
1065 2999 1105 3033 et
1137 3025 1144 3032 .
1177 2998 1297 3045 caput
1326 2997 1508 3032 emutare
1541 3023 1550 3031 .
1592 2993 1900 3044 pumicibusque
1929 3016 1982 3021 —

174 3065 356 3104 membra
386 3067 508 3117 polire
538 3072 657 3118 atque
685 3067 815 3105 odisse
845 3066 975 3104 virum
1006 3065 1232 3115 sterilisque
1261 3068 1398 3115 optare
1430 3064 1621 3109 lacertos;
1666 3063 1748 3102 und
1778 3063 1818 3112 5,
1849 3063 1980 3101 273-

172 3135 251 3174 285
294 3148 480 3174 arvorum
522 3137 728 3187 ingenerat
772 3136 950 3175 studium
999 3135 1185 3185 rurisque
1232 3133 1416 3173 colendi:
1463 3134 1698 3184 seminaque
1738 3156 1789 3162 —-
1817 3133 1979 3173 credere

273 3277 283 3301 ¹
312 3276 444 3322 opusc.
474 3278 506 3313 11
533 3290 565 3323 p.
595 3278 664 3314 342
690 3279 713 3314 f.
