<?xml version="1.0" encoding="UTF-8"?>
<!DOCTYPE html PUBLIC "-//W3C//DTD XHTML 1.0 Transitional//EN"
    "http://www.w3.org/TR/xhtml1/DTD/xhtml1-transitional.dtd">
<html xmlns="http://www.w3.org/1999/xhtml" xml:lang="en" lang="en">
 <head>
  <title>
</title>
<meta http-equiv="Content-Type" content="text/html;charset=utf-8" />
  <meta name='ocr-system' content='tesseract 3.04.00' />
  <meta name='ocr-capabilities' content='ocr_page ocr_carea ocr_par ocr_line ocrx_word'/>
</head>
<body>
  <div class='ocr_page' id='page_1' title='image "./commentationesin00studuoft_0009.png"; bbox 0 0 2373 3700; ppageno 0'>
   <div class='ocr_carea' id='block_1_1' title="bbox 259 1087 2068 2803">
    <p class='ocr_par' dir='ltr' id='par_1_1' title="bbox 264 1087 2066 1222">
     <span class='ocr_line' id='line_1_1' title="bbox 265 1087 2066 1153; baseline 0.003 -20"><span class='ocrx_word' id='word_1_1' title='bbox 265 1087 533 1134; x_wconf 79' lang='lat' dir='ltr'>maximam</span> <span class='ocrx_word' id='word_1_2' title='bbox 569 1087 719 1134; x_wconf 89' lang='lat' dir='ltr'>animi</span> <span class='ocrx_word' id='word_1_3' title='bbox 756 1102 927 1150; x_wconf 86' lang='lat' dir='ltr'>capere</span> <span class='ocrx_word' id='word_1_4' title='bbox 962 1093 1166 1151; x_wconf 80' lang='lat' dir='ltr'>possunt</span> <span class='ocrx_word' id='word_1_5' title='bbox 1201 1088 1241 1135; x_wconf 88' lang='lat' dir='ltr'>si</span> <span class='ocrx_word' id='word_1_6' title='bbox 1277 1088 1455 1151; x_wconf 83' lang='lat' dir='ltr'>quihus</span> <span class='ocrx_word' id='word_1_7' title='bbox 1481 1089 1648 1152; x_wconf 86' lang='lat' dir='ltr'>procul</span> <span class='ocrx_word' id='word_1_8' title='bbox 1683 1105 1710 1138; x_wconf 86' lang='lat' dir='ltr'>a</span> <span class='ocrx_word' id='word_1_9' title='bbox 1746 1092 1900 1153; x_wconf 87' lang='lat' dir='ltr'>patria</span> <span class='ocrx_word' id='word_1_10' title='bbox 1932 1107 2066 1140; x_wconf 87' lang='lat' dir='ltr'>com-</span> 
     </span>
     <span class='ocr_line' id='line_1_2' title="bbox 264 1169 1891 1222; baseline 0.003 -6"><span class='ocrx_word' id='word_1_11' title='bbox 264 1169 568 1217; x_wconf 85' lang='lat' dir='ltr'>morantibus</span> <span class='ocrx_word' id='word_1_12' title='bbox 604 1170 652 1216; x_wconf 89' lang='lat' dir='ltr'>in</span> <span class='ocrx_word' id='word_1_13' title='bbox 686 1170 785 1217; x_wconf 60' lang='lat' dir='ltr'>TUA</span> <span class='ocrx_word' id='word_1_14' title='bbox 820 1170 968 1217; x_wconf 89' lang='lat' dir='ltr'>domo</span> <span class='ocrx_word' id='word_1_15' title='bbox 1005 1171 1182 1218; x_wconf 78' lang='lat' dir='ltr'>Christi</span> <span class='ocrx_word' id='word_1_16' title='bbox 1216 1171 1430 1219; x_wconf 87' lang='lat' dir='ltr'>natalem</span> <span class='ocrx_word' id='word_1_17' title='bbox 1462 1172 1705 1221; x_wconf 89' lang='lat' dir='ltr'>celebrare</span> <span class='ocrx_word' id='word_1_18' title='bbox 1740 1173 1891 1222; x_wconf 87' lang='lat' dir='ltr'>licuit.</span> 
     </span>
    </p>

    <p class='ocr_par' dir='ltr' id='par_1_2' title="bbox 261 1252 2067 1565">
     <span class='ocr_line' id='line_1_3' title="bbox 394 1252 2062 1319; baseline 0.004 -20"><span class='ocrx_word' id='word_1_19' title='bbox 394 1252 494 1299; x_wconf 88' lang='lat' dir='ltr'>Hac</span> <span class='ocrx_word' id='word_1_20' title='bbox 527 1252 623 1299; x_wconf 69' lang='lat' dir='ltr'>TUA</span> <span class='ocrx_word' id='word_1_21' title='bbox 660 1252 967 1300; x_wconf 88' lang='lat' dir='ltr'>institutione</span> <span class='ocrx_word' id='word_1_22' title='bbox 1004 1258 1052 1300; x_wconf 90' lang='lat' dir='ltr'>et</span> <span class='ocrx_word' id='word_1_23' title='bbox 1087 1254 1303 1301; x_wconf 88' lang='lat' dir='ltr'>amicitia</span> <span class='ocrx_word' id='word_1_24' title='bbox 1351 1270 1504 1318; x_wconf 89' lang='lat' dir='ltr'>usque</span> <span class='ocrx_word' id='word_1_25' title='bbox 1541 1271 1627 1303; x_wconf 88' lang='lat' dir='ltr'>nos</span> <span class='ocrx_word' id='word_1_26' title='bbox 1662 1262 1950 1319; x_wconf 87' lang='lat' dir='ltr'>prosecutus</span> <span class='ocrx_word' id='word_1_27' title='bbox 1994 1273 2062 1317; x_wconf 85' lang='lat' dir='ltr'>es,</span> 
     </span>
     <span class='ocr_line' id='line_1_4' title="bbox 263 1335 2067 1398; baseline 0.003 -17"><span class='ocrx_word' id='word_1_28' title='bbox 263 1340 310 1382; x_wconf 85' lang='lat' dir='ltr'>et</span> <span class='ocrx_word' id='word_1_29' title='bbox 345 1335 385 1382; x_wconf 91' lang='lat' dir='ltr'>si</span> <span class='ocrx_word' id='word_1_30' title='bbox 420 1335 530 1397; x_wconf 90' lang='lat' dir='ltr'>quis</span> <span class='ocrx_word' id='word_1_31' title='bbox 563 1335 687 1382; x_wconf 87' lang='lat' dir='ltr'>forte</span> <span class='ocrx_word' id='word_1_32' title='bbox 724 1335 1058 1398; x_wconf 86' lang='lat' dir='ltr'>despondendi</span> <span class='ocrx_word' id='word_1_33' title='bbox 1095 1336 1368 1398; x_wconf 88' lang='lat' dir='ltr'>periculum</span> <span class='ocrx_word' id='word_1_34' title='bbox 1419 1337 1584 1397; x_wconf 90' lang='lat' dir='ltr'>subiit,</span> <span class='ocrx_word' id='word_1_35' title='bbox 1634 1339 1825 1386; x_wconf 75' lang='lat' dir='ltr'>erexisti</span> <span class='ocrx_word' id='word_1_36' title='bbox 1871 1345 1919 1386; x_wconf 93' lang='lat' dir='ltr'>et</span> <span class='ocrx_word' id='word_1_37' title='bbox 1960 1355 2067 1387; x_wconf 90' lang='lat' dir='ltr'>con·</span> 
     </span>
     <span class='ocr_line' id='line_1_5' title="bbox 264 1417 2061 1483; baseline 0.004 -20"><span class='ocrx_word' id='word_1_38' title='bbox 264 1417 467 1464; x_wconf 71' lang='lat' dir='ltr'>firmasti</span> <span class='ocrx_word' id='word_1_39' title='bbox 505 1423 553 1464; x_wconf 86' lang='lat' dir='ltr'>et</span> <span class='ocrx_word' id='word_1_40' title='bbox 587 1417 756 1464; x_wconf 89' lang='lat' dir='ltr'>sedulo</span> <span class='ocrx_word' id='word_1_41' title='bbox 793 1418 1014 1465; x_wconf 78' lang='lat' dir='ltr'>hortatus</span> <span class='ocrx_word' id='word_1_42' title='bbox 1051 1433 1118 1477; x_wconf 90' lang='lat' dir='ltr'>es,</span> <span class='ocrx_word' id='word_1_43' title='bbox 1159 1426 1353 1481; x_wconf 89' lang='lat' dir='ltr'>recepto</span> <span class='ocrx_word' id='word_1_44' title='bbox 1390 1420 1555 1467; x_wconf 89' lang='lat' dir='ltr'>animo</span> <span class='ocrx_word' id='word_1_45' title='bbox 1598 1421 1896 1483; x_wconf 73' lang='lat' dir='ltr'>prospiceret</span> <span class='ocrx_word' id='word_1_46' title='bbox 1931 1428 2061 1482; x_wconf 86' lang='lat' dir='ltr'>ante,</span> 
     </span>
     <span class='ocr_line' id='line_1_6' title="bbox 261 1501 1801 1565; baseline 0.003 -19"><span class='ocrx_word' id='word_1_47' title='bbox 261 1514 535 1563; x_wconf 79' lang='lat' dir='ltr'>numquam</span> <span class='ocrx_word' id='word_1_48' title='bbox 573 1505 861 1560; x_wconf 79' lang='lat' dir='ltr'>retrorsum,</span> <span class='ocrx_word' id='word_1_49' title='bbox 903 1501 1029 1548; x_wconf 85' lang='lat' dir='ltr'>sieut</span> <span class='ocrx_word' id='word_1_50' title='bbox 1063 1501 1130 1548; x_wconf 83' lang='lat' dir='ltr'>TU</span> <span class='ocrx_word' id='word_1_51' title='bbox 1166 1516 1362 1564; x_wconf 86' lang='lat' dir='ltr'>quoque</span> <span class='ocrx_word' id='word_1_52' title='bbox 1397 1517 1594 1565; x_wconf 88' lang='lat' dir='ltr'>semper</span> <span class='ocrx_word' id='word_1_53' title='bbox 1627 1503 1801 1550; x_wconf 76' lang='lat' dir='ltr'>fecisti.</span> 
     </span>
    </p>

    <p class='ocr_par' dir='ltr' id='par_1_3' title="bbox 259 1583 2068 2717">
     <span class='ocr_line' id='line_1_7' title="bbox 392 1583 2066 1649; baseline 0.003 -21"><span class='ocrx_word' id='word_1_54' title='bbox 392 1583 531 1629; x_wconf 88' lang='lat' dir='ltr'>Nunc</span> <span class='ocrx_word' id='word_1_55' title='bbox 568 1597 680 1630; x_wconf 87' lang='lat' dir='ltr'>vero</span> <span class='ocrx_word' id='word_1_56' title='bbox 715 1583 830 1642; x_wconf 79' lang='lat' dir='ltr'>Tn31,</span> <span class='ocrx_word' id='word_1_57' title='bbox 861 1583 1173 1630; x_wconf 78' lang='lat' dir='ltr'>GUILELME</span> <span class='ocrx_word' id='word_1_58' title='bbox 1199 1584 1526 1633; x_wconf 87' lang='lat' dir='ltr'><strong>STUDEMUN</strong></span> <span class='ocrx_word' id='word_1_59' title='bbox 1536 1586 1587 1644; x_wconf 92' lang='lat' dir='ltr'>D,</span> <span class='ocrx_word' id='word_1_60' title='bbox 1627 1587 1894 1634; x_wconf 75' lang='lat' dir='ltr'>consistere</span> <span class='ocrx_word' id='word_1_61' title='bbox 1930 1586 2066 1649; x_wconf 83' lang='lat' dir='ltr'>paul·</span> 
     </span>
     <span class='ocr_line' id='line_1_8' title="bbox 261 1664 2066 1731; baseline 0.003 -20"><span class='ocrx_word' id='word_1_62' title='bbox 261 1664 361 1712; x_wconf 90' lang='lat' dir='ltr'>lum</span> <span class='ocrx_word' id='word_1_63' title='bbox 402 1670 451 1711; x_wconf 86' lang='lat' dir='ltr'>et</span> <span class='ocrx_word' id='word_1_64' title='bbox 485 1670 703 1727; x_wconf 87' lang='lat' dir='ltr'>spectare</span> <span class='ocrx_word' id='word_1_65' title='bbox 739 1670 866 1713; x_wconf 85' lang='lat' dir='ltr'>retro</span> <span class='ocrx_word' id='word_1_66' title='bbox 904 1665 973 1712; x_wconf 88' lang='lat' dir='ltr'>fas</span> <span class='ocrx_word' id='word_1_67' title='bbox 1009 1671 1082 1713; x_wconf 89' lang='lat' dir='ltr'>est</span> <span class='ocrx_word' id='word_1_68' title='bbox 1125 1681 1271 1729; x_wconf 86' lang='lat' dir='ltr'>quam</span> <span class='ocrx_word' id='word_1_69' title='bbox 1323 1668 1555 1715; x_wconf 83' lang='lat' dir='ltr'>maxime.</span> <span class='ocrx_word' id='word_1_70' title='bbox 1616 1669 1896 1731; x_wconf 75' lang='lat' dir='ltr'>Respiciens</span> <span class='ocrx_word' id='word_1_71' title='bbox 1933 1669 2066 1717; x_wconf 90' lang='lat' dir='ltr'>enim</span> 
     </span>
     <span class='ocr_line' id='line_1_9' title="bbox 262 1747 2065 1814; baseline 0.004 -21"><span class='ocrx_word' id='word_1_72' title='bbox 262 1747 506 1809; x_wconf 86' lang='lat' dir='ltr'>praeteriti</span> <span class='ocrx_word' id='word_1_73' title='bbox 528 1747 764 1809; x_wconf 86' lang='lat' dir='ltr'>temporis</span> <span class='ocrx_word' id='word_1_74' title='bbox 791 1748 1004 1809; x_wconf 88' lang='lat' dir='ltr'>spatium</span> <span class='ocrx_word' id='word_1_75' title='bbox 1034 1748 1351 1796; x_wconf 85' lang='lat' dir='ltr'>adsiduorum</span> <span class='ocrx_word' id='word_1_76' title='bbox 1379 1749 1602 1797; x_wconf 85' lang='lat' dir='ltr'>laborum</span> <span class='ocrx_word' id='word_1_77' title='bbox 1638 1751 1841 1798; x_wconf 77' lang='lat' dir='ltr'>TUORUM</span> <span class='ocrx_word' id='word_1_78' title='bbox 1883 1751 2065 1814; x_wconf 84' lang='lat' dir='ltr'>ubique</span> 
     </span>
     <span class='ocr_line' id='line_1_10' title="bbox 261 1828 2067 1895; baseline 0.004 -21"><span class='ocrx_word' id='word_1_79' title='bbox 261 1829 397 1876; x_wconf 83' lang='lat' dir='ltr'>vides</span> <span class='ocrx_word' id='word_1_80' title='bbox 445 1830 605 1876; x_wconf 77' lang='lat' dir='ltr'>enasci</span> <span class='ocrx_word' id='word_1_81' title='bbox 654 1828 928 1876; x_wconf 88' lang='lat' dir='ltr'>uberrimos</span> <span class='ocrx_word' id='word_1_82' title='bbox 977 1830 1178 1889; x_wconf 86' lang='lat' dir='ltr'>fructus,</span> <span class='ocrx_word' id='word_1_83' title='bbox 1229 1846 1339 1878; x_wconf 88' lang='lat' dir='ltr'>nam</span> <span class='ocrx_word' id='word_1_84' title='bbox 1398 1837 1445 1879; x_wconf 89' lang='lat' dir='ltr'>et</span> <span class='ocrx_word' id='word_1_85' title='bbox 1493 1832 1596 1895; x_wconf 90' lang='lat' dir='ltr'>ipse</span> <span class='ocrx_word' id='word_1_86' title='bbox 1631 1833 1962 1895; x_wconf 84' lang='lat' dir='ltr'>pulcherrime</span> <span class='ocrx_word' id='word_1_87' title='bbox 2006 1835 2067 1882; x_wconf 88' lang='lat' dir='ltr'>de</span> 
     </span>
     <span class='ocr_line' id='line_1_11' title="bbox 262 1911 2067 1979; baseline 0.004 -22"><span class='ocrx_word' id='word_1_88' title='bbox 262 1911 471 1974; x_wconf 81' lang='lat' dir='ltr'>antiquis</span> <span class='ocrx_word' id='word_1_89' title='bbox 509 1911 679 1958; x_wconf 76' lang='lat' dir='ltr'>litteris</span> <span class='ocrx_word' id='word_1_90' title='bbox 717 1912 921 1959; x_wconf 81' lang='lat' dir='ltr'>meritus</span> <span class='ocrx_word' id='word_1_91' title='bbox 958 1928 1025 1970; x_wconf 88' lang='lat' dir='ltr'>es,</span> <span class='ocrx_word' id='word_1_92' title='bbox 1066 1918 1114 1959; x_wconf 88' lang='lat' dir='ltr'>et</span> <span class='ocrx_word' id='word_1_93' title='bbox 1157 1913 1457 1977; x_wconf 73' lang='lat' dir='ltr'>ubicuin‹.[ne</span> <span class='ocrx_word' id='word_1_94' title='bbox 1493 1915 1668 1963; x_wconf 88' lang='lat' dir='ltr'>docere</span> <span class='ocrx_word' id='word_1_95' title='bbox 1714 1917 1931 1979; x_wconf 86' lang='lat' dir='ltr'>coepisti,</span> <span class='ocrx_word' id='word_1_96' title='bbox 1974 1917 2067 1963; x_wconf 91' lang='lat' dir='ltr'>mi—</span> 
     </span>
     <span class='ocr_line' id='line_1_12' title="bbox 260 1993 2066 2062; baseline 0.004 -23"><span class='ocrx_word' id='word_1_97' title='bbox 260 1993 475 2040; x_wconf 80' lang='lat' dir='ltr'>rabiliter</span> <span class='ocrx_word' id='word_1_98' title='bbox 519 1993 837 2041; x_wconf 87' lang='lat' dir='ltr'>efssoruerunt</span> <span class='ocrx_word' id='word_1_99' title='bbox 886 1994 1005 2042; x_wconf 84' lang='lat' dir='ltr'>haec</span> <span class='ocrx_word' id='word_1_100' title='bbox 1042 1996 1218 2054; x_wconf 86' lang='lat' dir='ltr'>studia,</span> <span class='ocrx_word' id='word_1_101' title='bbox 1260 1997 1326 2043; x_wconf 88' lang='lat' dir='ltr'>ita</span> <span class='ocrx_word' id='word_1_102' title='bbox 1360 2003 1413 2044; x_wconf 89' lang='lat' dir='ltr'>ut</span> <span class='ocrx_word' id='word_1_103' title='bbox 1448 1998 1587 2045; x_wconf 66' lang='lat' dir='ltr'>&#39;rmum</span> <span class='ocrx_word' id='word_1_104' title='bbox 1637 2013 1818 2046; x_wconf 90' lang='lat' dir='ltr'>nomen</span> <span class='ocrx_word' id='word_1_105' title='bbox 1864 2000 1911 2046; x_wconf 90' lang='lat' dir='ltr'>in</span> <span class='ocrx_word' id='word_1_106' title='bbox 1959 2016 2066 2062; x_wconf 88' lang='lat' dir='ltr'>per-</span> 
     </span>
     <span class='ocr_line' id='line_1_13' title="bbox 260 2077 2067 2141; baseline 0.004 -19"><span class='ocrx_word' id='word_1_107' title='bbox 260 2083 462 2138; x_wconf 82' lang='lat' dir='ltr'>petuum</span> <span class='ocrx_word' id='word_1_108' title='bbox 503 2077 558 2124; x_wconf 88' lang='lat' dir='ltr'>iis</span> <span class='ocrx_word' id='word_1_109' title='bbox 595 2078 912 2124; x_wconf 71' lang='lat' dir='ltr'>cornuue-tuni</span> <span class='ocrx_word' id='word_1_110' title='bbox 954 2078 1055 2125; x_wconf 83' lang='lat' dir='ltr'>fore</span> <span class='ocrx_word' id='word_1_111' title='bbox 1092 2094 1189 2125; x_wconf 91' lang='lat' dir='ltr'>non</span> <span class='ocrx_word' id='word_1_112' title='bbox 1227 2079 1436 2141; x_wconf 81' lang='lat' dir='ltr'>ignores.</span> <span class='ocrx_word' id='word_1_113' title='bbox 1495 2081 1552 2127; x_wconf 83' lang='lat' dir='ltr'>Et</span> <span class='ocrx_word' id='word_1_114' title='bbox 1596 2081 1730 2128; x_wconf 67' lang='lat' dir='ltr'>vides</span> <span class='ocrx_word' id='word_1_115' title='bbox 1781 2081 1841 2129; x_wconf 88' lang='lat' dir='ltr'>ab</span> <span class='ocrx_word' id='word_1_116' title='bbox 1878 2082 2067 2130; x_wconf 82' lang='lat' dir='ltr'>ultiniis</span> 
     </span>
     <span class='ocr_line' id='line_1_14' title="bbox 260 2159 2063 2225; baseline 0.003 -20"><span class='ocrx_word' id='word_1_117' title='bbox 260 2159 546 2206; x_wconf 76' lang='lat' dir='ltr'>Germaniae</span> <span class='ocrx_word' id='word_1_118' title='bbox 585 2159 761 2206; x_wconf 75' lang='lat' dir='ltr'>tinibus</span> <span class='ocrx_word' id='word_1_119' title='bbox 804 2174 893 2207; x_wconf 91' lang='lat' dir='ltr'>nos</span> <span class='ocrx_word' id='word_1_120' title='bbox 942 2160 1207 2222; x_wconf 80' lang='lat' dir='ltr'>discipulos</span> <span class='ocrx_word' id='word_1_121' title='bbox 1247 2162 1413 2209; x_wconf 86' lang='lat' dir='ltr'>venire</span> <span class='ocrx_word' id='word_1_122' title='bbox 1447 2163 1763 2225; x_wconf 79' lang='lat' dir='ltr'>gratulatum,</span> <span class='ocrx_word' id='word_1_123' title='bbox 1813 2179 2063 2212; x_wconf 85' lang='lat' dir='ltr'>summam</span> 
     </span>
     <span class='ocr_line' id='line_1_15' title="bbox 260 2241 2068 2304; baseline 0.003 -16"><span class='ocrx_word' id='word_1_124' title='bbox 260 2241 620 2289; x_wconf 77' lang='lat' dir='ltr'>observantiam</span> <span class='ocrx_word' id='word_1_125' title='bbox 658 2243 890 2304; x_wconf 87' lang='lat' dir='ltr'>pietatem</span> <span class='ocrx_word' id='word_1_126' title='bbox 929 2244 1181 2291; x_wconf 86' lang='lat' dir='ltr'>caritatem</span> <span class='ocrx_word' id='word_1_127' title='bbox 1220 2244 1520 2292; x_wconf 77' lang='lat' dir='ltr'>affirmantes</span> <span class='ocrx_word' id='word_1_128' title='bbox 1556 2251 1603 2293; x_wconf 93' lang='lat' dir='ltr'>et</span> <span class='ocrx_word' id='word_1_129' title='bbox 1639 2260 1665 2293; x_wconf 88' lang='lat' dir='ltr'>a</span> <span class='ocrx_word' id='word_1_130' title='bbox 1702 2247 1797 2294; x_wconf 89' lang='lat' dir='ltr'>Deo</span> <span class='ocrx_word' id='word_1_131' title='bbox 1833 2247 1929 2294; x_wconf 78' lang='lat' dir='ltr'>T1131</span> <span class='ocrx_word' id='word_1_132' title='bbox 1966 2262 2068 2294; x_wconf 88' lang='lat' dir='ltr'>om—</span> 
     </span>
     <span class='ocr_line' id='line_1_16' title="bbox 259 2324 2062 2388; baseline 0.003 -18"><span class='ocrx_word' id='word_1_133' title='bbox 259 2339 373 2372; x_wconf 85' lang='lat' dir='ltr'>nem</span> <span class='ocrx_word' id='word_1_134' title='bbox 411 2324 617 2372; x_wconf 87' lang='lat' dir='ltr'>salutem</span> <span class='ocrx_word' id='word_1_135' title='bbox 656 2330 939 2388; x_wconf 83' lang='lat' dir='ltr'>exoptantes</span> <span class='ocrx_word' id='word_1_136' title='bbox 977 2340 1003 2373; x_wconf 88' lang='lat' dir='ltr'>e</span> <span class='ocrx_word' id='word_1_137' title='bbox 1040 2325 1439 2374; x_wconf 76' lang='lat' dir='ltr'>fidelissimorum</span> <span class='ocrx_word' id='word_1_138' title='bbox 1479 2329 1757 2376; x_wconf 87' lang='lat' dir='ltr'>animorum</span> <span class='ocrx_word' id='word_1_139' title='bbox 1802 2330 2062 2377; x_wconf 87' lang='lat' dir='ltr'>sententia.</span> 
     </span>
     <span class='ocr_line' id='line_1_17' title="bbox 260 2406 2067 2474; baseline 0.003 -22"><span class='ocrx_word' id='word_1_140' title='bbox 260 2406 416 2453; x_wconf 89' lang='lat' dir='ltr'>Huius</span> <span class='ocrx_word' id='word_1_141' title='bbox 468 2421 580 2468; x_wconf 84' lang='lat' dir='ltr'>erga</span> <span class='ocrx_word' id='word_1_142' title='bbox 629 2407 694 2453; x_wconf 73' lang='lat' dir='ltr'>TE</span> <span class='ocrx_word' id='word_1_143' title='bbox 749 2407 1010 2454; x_wconf 84' lang='lat' dir='ltr'>voluntatis</span> <span class='ocrx_word' id='word_1_144' title='bbox 1064 2408 1196 2455; x_wconf 84' lang='lat' dir='ltr'>bunc</span> <span class='ocrx_word' id='word_1_145' title='bbox 1249 2408 1465 2456; x_wconf 87' lang='lat' dir='ltr'>libellum</span> <span class='ocrx_word' id='word_1_146' title='bbox 1506 2415 1681 2457; x_wconf 87' lang='lat' dir='ltr'>testem</span> <span class='ocrx_word' id='word_1_147' title='bbox 1729 2416 1875 2474; x_wconf 88' lang='lat' dir='ltr'>atque</span> <span class='ocrx_word' id='word_1_148' title='bbox 1918 2412 2067 2458; x_wconf 86' lang='lat' dir='ltr'>inter-</span> 
     </span>
     <span class='ocr_line' id='line_1_18' title="bbox 260 2487 2065 2553; baseline 0.004 -20"><span class='ocrx_word' id='word_1_149' title='bbox 260 2487 488 2533; x_wconf 86' lang='lat' dir='ltr'>nuntium</span> <span class='ocrx_word' id='word_1_150' title='bbox 527 2502 631 2534; x_wconf 89' lang='lat' dir='ltr'>esse</span> <span class='ocrx_word' id='word_1_151' title='bbox 672 2487 931 2547; x_wconf 85' lang='lat' dir='ltr'>voluimus,</span> <span class='ocrx_word' id='word_1_152' title='bbox 973 2489 1047 2535; x_wconf 90' lang='lat' dir='ltr'>cui</span> <span class='ocrx_word' id='word_1_153' title='bbox 1077 2489 1117 2535; x_wconf 89' lang='lat' dir='ltr'>si</span> <span class='ocrx_word' id='word_1_154' title='bbox 1144 2504 1240 2552; x_wconf 86' lang='lat' dir='ltr'>qua</span> <span class='ocrx_word' id='word_1_155' title='bbox 1264 2491 1431 2537; x_wconf 88' lang='lat' dir='ltr'>insunt</span> <span class='ocrx_word' id='word_1_156' title='bbox 1451 2506 1547 2538; x_wconf 92' lang='lat' dir='ltr'>non</span> <span class='ocrx_word' id='word_1_157' title='bbox 1577 2491 1716 2553; x_wconf 87' lang='lat' dir='ltr'>plane</span> <span class='ocrx_word' id='word_1_158' title='bbox 1752 2492 2065 2540; x_wconf 86' lang='lat' dir='ltr'>abhorrentia</span> 
     </span>
     <span class='ocr_line' id='line_1_19' title="bbox 259 2569 2062 2637; baseline 0.003 -22"><span class='ocrx_word' id='word_1_159' title='bbox 259 2583 285 2615; x_wconf 86' lang='lat' dir='ltr'>a</span> <span class='ocrx_word' id='word_1_160' title='bbox 331 2583 443 2615; x_wconf 73' lang='lat' dir='ltr'>vera</span> <span class='ocrx_word' id='word_1_161' title='bbox 489 2576 535 2616; x_wconf 73' lang='lat' dir='ltr'>et</span> <span class='ocrx_word' id='word_1_162' title='bbox 579 2569 680 2616; x_wconf 89' lang='lat' dir='ltr'>sola</span> <span class='ocrx_word' id='word_1_163' title='bbox 725 2585 822 2632; x_wconf 81' lang='lat' dir='ltr'>qua</span> <span class='ocrx_word' id='word_1_164' title='bbox 864 2571 931 2617; x_wconf 68' lang='lat' dir='ltr'>TU</span> <span class='ocrx_word' id='word_1_165' title='bbox 968 2586 1056 2617; x_wconf 88' lang='lat' dir='ltr'>nos</span> <span class='ocrx_word' id='word_1_166' title='bbox 1101 2571 1339 2631; x_wconf 82' lang='lat' dir='ltr'>imbuisti,</span> <span class='ocrx_word' id='word_1_167' title='bbox 1402 2573 1587 2620; x_wconf 87' lang='lat' dir='ltr'>ratione</span> <span class='ocrx_word' id='word_1_168' title='bbox 1641 2574 1900 2637; x_wconf 83' lang='lat' dir='ltr'>philologa,</span> <span class='ocrx_word' id='word_1_169' title='bbox 1965 2576 2062 2621; x_wconf 71' lang='lat' dir='ltr'>Tun</span> 
     </span>
     <span class='ocr_line' id='line_1_20' title="bbox 261 2652 1653 2717; baseline 0.005 -21"><span class='ocrx_word' id='word_1_170' title='bbox 261 2652 475 2698; x_wconf 79' lang='lat' dir='ltr'>maxime</span> <span class='ocrx_word' id='word_1_171' title='bbox 510 2652 765 2711; x_wconf 85' lang='lat' dir='ltr'>debentur,</span> <span class='ocrx_word' id='word_1_172' title='bbox 807 2658 854 2699; x_wconf 92' lang='lat' dir='ltr'>et</span> <span class='ocrx_word' id='word_1_173' title='bbox 890 2653 1099 2716; x_wconf 85' lang='lat' dir='ltr'>benigne</span> <span class='ocrx_word' id='word_1_174' title='bbox 1136 2655 1342 2717; x_wconf 85' lang='lat' dir='ltr'>accipias</span> <span class='ocrx_word' id='word_1_175' title='bbox 1380 2671 1653 2717; x_wconf 81' lang='lat' dir='ltr'>precamur.</span> 
     </span>
    </p>

    <p class='ocr_par' dir='ltr' id='par_1_4' title="bbox 391 2734 1962 2803">
     <span class='ocr_line' id='line_1_21' title="bbox 391 2734 1962 2803; baseline 0.005 -24"><span class='ocrx_word' id='word_1_176' title='bbox 391 2734 519 2794; x_wconf 81' lang='lat' dir='ltr'>Vale,</span> <span class='ocrx_word' id='word_1_177' title='bbox 560 2740 843 2797; x_wconf 84' lang='lat' dir='ltr'>praeceptor</span> <span class='ocrx_word' id='word_1_178' title='bbox 877 2736 1211 2797; x_wconf 81' lang='lat' dir='ltr'>dilectissime,</span> <span class='ocrx_word' id='word_1_179' title='bbox 1253 2737 1356 2785; x_wconf 80' lang='lat' dir='ltr'>vale</span> <span class='ocrx_word' id='word_1_180' title='bbox 1393 2744 1436 2785; x_wconf 80' lang='lat' dir='ltr'>ct</span> <span class='ocrx_word' id='word_1_181' title='bbox 1477 2753 1640 2786; x_wconf 64' lang='lat' dir='ltr'>(unare</span> <span class='ocrx_word' id='word_1_182' title='bbox 1677 2755 1764 2786; x_wconf 88' lang='lat' dir='ltr'>nos</span> <span class='ocrx_word' id='word_1_183' title='bbox 1801 2755 1962 2803; x_wconf 84' lang='lat' dir='ltr'>perge.</span> 
     </span>
    </p>
   </div>
   <div class='ocr_carea' id='block_1_2' title="bbox 392 2941 1900 2991">
    <p class='ocr_par' dir='ltr' id='par_1_5' title="bbox 392 2941 1900 2991">
     <span class='ocr_line' id='line_1_22' title="bbox 392 2941 1900 2991; baseline 0.004 -6"><span class='ocrx_word' id='word_1_184' title='bbox 392 2941 558 2987; x_wconf 67' lang='lat' dir='ltr'>llm&#39;cM</span> <span class='ocrx_word' id='word_1_185' title='bbox 595 2957 671 2987; x_wconf 67' lang='lat' dir='ltr'>ullu:</span> <span class='ocrx_word' id='word_1_186' title='bbox 708 2957 872 2988; x_wconf 61' lang='lat' dir='ltr'>NATALI</span> <span class='ocrx_word' id='word_1_187' title='bbox 909 2944 1249 2990; x_wconf 69' lang='lat' dir='ltr'>GERMANORUM</span> <span class='ocrx_word' id='word_1_188' title='bbox 1289 2959 1601 2990; x_wconf 60' lang='lat' dir='ltr'>nivssnx&#39;rsuus</span> <span class='ocrx_word' id='word_1_189' title='bbox 1635 2960 1900 2991; x_wconf 56' lang='lat' dir='ltr'>inmissum.</span> 
     </span>
    </p>
   </div>
  </div>
 </body>
</html>
