2373 3700
385 301 463 340 ⁸29⁶)
2153 314 2191 340 ιν

441 328 463 339 Α

382 462 506 500 nitate
535 460 648 499 facile
683 459 926 511 impetravit,
950 463 994 496 ut
1028 472 1076 496 ex
1113 458 1252 497 eodem
1288 458 1420 496 codice
1462 458 1674 497 Hal-Ieiuno
1713 460 1779 499 fol.
1806 459 1965 497 79-95
2003 460 2189 499 lectiones

380 534 524 584 prioris
553 532 644 570 libri
673 531 721 569 ad
751 530 937 569 editionis
966 542 1078 568 meae
1108 530 1332 578 marginem
1362 530 1667 578 diligentissime
1692 536 1883 570 enotaret.
1917 531 2073 578 Quibus
2094 532 2190 570 viris

380 603 568 643 omnibus
597 603 718 641 etiam
747 602 819 640 hoe
848 601 931 639 loco
960 606 1005 640 ut
1033 613 1104 652 par
1132 605 1193 638 est
1221 601 1369 649 gratias
1398 612 1469 649 ago
1500 601 1710 639 maximas.

485 672 624 711 Reddo
662 671 785 721 igitur
812 670 916 718 Tibi,
957 674 1188 721 praeceptor
1228 669 1327 707 mihi
1370 669 1642 717 dilectissime,
1683 671 1787 721 quod
1830 671 1962 721 accepi
2007 672 2078 710 abs
2117 672 2187 721 Te,

379 756 546 796 sperans
575 743 680 781 hanc
708 740 948 780 ἀνταπόδοσιν
967 740 1097 793 ὀλίγην
1126 754 1165 779 τε
1195 739 1313 793 φίλην
1341 753 1382 779 τε
1413 753 1543 791 neque
1570 754 1733 792 prorsus
1754 742 1809 779 Te
1829 741 2038 791 indignam
2059 756 2190 794 neque

377 817 577 866 ingratam
620 814 707 852 Tibi
750 814 944 852 suturam.
1003 812 1227 858 Quominus
1265 816 1400 850 autem
1430 812 1525 850 huic
1555 825 1711 863 quoque
1740 812 1841 850 libro
1870 812 1983 851 alteri
2013 814 2184 852 fontium

376 887 481 925 locos
509 890 549 926 et
577 885 806 924 testimonia
835 883 1060 922 subicerem
1089 883 1223 921 omnia
1251 905 1304 912 —-·
1334 896 1464 934 neque
1493 884 1602 921 enim
1633 883 1826 934 adscripsi
1858 884 1940 922 fere
1970 884 2047 923 nisi
2078 884 2184 923 unde

376 957 527 1008 aliquid
566 956 616 994 ad
646 959 799 994 textum
839 953 1050 992 verborum
1093 953 1392 992 emendandum
1436 954 1664 992 redundare
1693 954 1898 992 videretur
1926 976 1979 982 ——
2007 958 2047 991 et
2074 967 2188 1005 prae-

375 1029 566 1067 fationem
610 1026 924 1078 praemitterem,
958 1025 1078 1062 huius
1109 1037 1172 1062 ine
1203 1024 1275 1062 loci
1305 1025 1501 1073 angustiis
1533 1025 1772 1075 impeditum
1803 1037 1889 1063 csse
1921 1025 2032 1064 scito.
2091 1025 2188 1063 Pro-

374 1100 489 1138 mitto
518 1103 653 1137 autem
683 1109 748 1134 me
774 1109 896 1147 quam
926 1097 1104 1146 primum
1136 1096 1222 1133 sieri
1252 1095 1395 1146 poterit
1423 1099 1546 1133 totam
1577 1096 1855 1146 quaestionem
1877 1096 1926 1134 de
1947 1096 2068 1134 huius
2097 1097 2185 1147 epi-

374 1176 505 1210 tomae
549 1169 824 1219 inscriptione,
865 1167 1043 1215 consilio,
1086 1168 1253 1216 ratione,
1285 1167 1332 1205 de
1377 1171 1552 1215 auctore,
1584 1167 1757 1217 denique
1799 1168 1847 1205 de
1885 1168 2063 1206 fontibus
2091 1180 2186 1206 cum

374 1244 461 1282 aliis
503 1254 606 1293 quae
647 1242 727 1279 huc
766 1239 967 1290 pertinent
1006 1239 1308 1290 quaestionibus
1338 1239 1470 1277 denuo
1500 1239 1695 1288 singulari
1726 1239 2065 1277 commentatione
2094 1251 2182 1278 esse

374 1317 654 1352 tractaturum.

481 1381 673 1421 Codicum
702 1384 839 1419 autem
868 1380 1016 1431 quibus
1045 1392 1144 1418 usus
1174 1392 1265 1418 sum
1295 1380 1395 1429 sigla
1424 1383 1519 1417 sunt
1550 1380 1673 1417 haec:

585 1452 626 1504 1)
653 1452 713 1491 H:
746 1452 869 1490 codex
897 1451 1140 1490 Harleianus
1168 1450 1288 1497 5624,
1320 1464 1398 1501 quo
1428 1462 1531 1501 quae
1550 1451 1807 1489 continentur
1827 1455 2062 1489 enumerata
2091 1455 2187 1490 sunt

697 1523 782 1574 (sed
821 1535 965 1573 parum
1011 1527 1054 1560 ut
1094 1522 1252 1560 videtur
1290 1522 1522 1572 diligenter)
1562 1522 1603 1559 in
1647 1520 1909 1559 bibliothecae
1946 1521 2185 1560 Harleianae

692 1595 882 1644 catalogo,
925 1594 995 1644 qui
1042 1593 1277 1632 inscribitur
1320 1593 1364 1645 ιΑ
1408 1593 1612 1643 catalogue
1652 1593 1695 1630 of
1718 1593 1787 1630 the
1816 1591 2004 1631 Harleian
2043 1604 2185 1631 manu—

690 1666 834 1717 scripts
864 1666 905 1704 in
934 1666 1002 1703 the
1040 1665 1190 1703 British
1219 1664 1416 1703 Museum’
1445 1664 1617 1703 Londini
1645 1662 1750 1702 1808
1783 1664 1858 1702 vol.
1885 1662 1943 1701 III
1966 1675 2057 1713 pag.
2087 1661 2182 1702 282.

583 1737 624 1789 2)
654 1736 713 1774 V:
756 1736 879 1774 codex
916 1735 1096 1775 Venetus
1134 1735 1364 1773 Marcianus
1407 1733 1501 1783 531,
1534 1734 1582 1772 de
1626 1747 1704 1785 quo
1745 1734 1830 1785 ipse
1868 1733 1927 1771 Tu
1969 1732 2104 1771 dixisti
2141 1733 2183 1771 in

689 1808 820 1846 indice
866 1807 957 1847 lect.
999 1806 1215 1845 vratislav.
1272 1806 1358 1845 hib.
1408 1805 1803 1845 MDCCCLXXXVII
1846 1827 1900 1833 -
1946 1804 2184 1844 LXXXVIII

689 1892 778 1930 pag.
803 1879 829 1917 4
848 1891 907 1929 sq.
931 1882 971 1916 et
997 1878 1053 1916 Te
1073 1881 1232 1916 auctore
1259 1890 1332 1928 ego
1351 1878 1393 1915 in
1414 1877 1708 1928 prolegomenis
1729 1876 1893 1915 editioni
1929 1876 2020 1915 libri
2042 1876 2185 1928 prioris

690 1951 814 1989 huius
842 1950 1031 2000 anonymi
1060 1949 1291 2000 praemissis
1319 1961 1411 2000 pag.
1442 1949 1476 1986 V
1505 1961 1565 2000 sq.

477 2024 633 2063 Horum
653 2026 789 2062 autem
809 2022 994 2060 codicum
1016 2021 1058 2059 in
1077 2033 1123 2059 ea
1142 2033 1266 2072 quam
1286 2020 1367 2058 dixi
1397 2024 1508 2071 parte
1537 2021 1637 2060 ratio
1668 2024 1729 2059 est
1757 2032 1819 2068 ea,
1842 2023 1888 2058 ut
1917 2023 1986 2058 aut
2005 2018 2183 2056 Venetus

369 2108 417 2135 ex
446 2096 661 2136 Harleiano
689 2094 956 2145 transcriptus
985 2098 1054 2133 aut
1082 2098 1252 2144 uterque
1288 2105 1335 2131 ex
1374 2092 1514 2131 eodem
1543 2094 1756 2143 archetypo
1792 2091 1956 2130 fluxisse
1985 2089 2180 2128 videatur.
